%% This BibTeX bibliography file was created using BibDesk.
%% https://bibdesk.sourceforge.io/

%% Created for Cameron Van Eck at 2022-04-26 11:37:46 -0400 


%% Saved with string encoding Unicode (UTF-8) 



@misc{VOTable,
	Adsnote = {Provided by the SAO/NASA Astrophysics Data System},
	Adsurl = {https://ui.adsabs.harvard.edu/abs/2019ivoa.spec.1021O},
	Author = {{Ochsenbein}, Francois and {Taylor}, Mark and {Donaldson}, Tom and {Williams}, Roy and {Davenhall}, Clive and {Demleitner}, Markus and {Durand}, Daniel and {Fernique}, Pierre and {Giaretta}, David and {Hanisch}, Robert and {McGlynn}, Tom and {Szalay}, Alex and {Wicenec}, Andreas},
	Date-Added = {2022-04-26 11:37:39 -0400},
	Date-Modified = {2022-04-26 11:37:44 -0400},
	Howpublished = {IVOA Recommendation 21 October 2019},
	Month = oct,
	Pages = {1021},
	Title = {{VOTable Format Definition Version 1.4}},
	Year = 2019}

@article{Petroff2016,
	Adsnote = {Provided by the SAO/NASA Astrophysics Data System},
	Adsurl = {https://ui.adsabs.harvard.edu/abs/2016PASA...33...45P},
	Archiveprefix = {arXiv},
	Author = {{Petroff}, E. and {Barr}, E.~D. and {Jameson}, A. and {Keane}, E.~F. and {Bailes}, M. and {Kramer}, M. and {Morello}, V. and {Tabbara}, D. and {van Straten}, W.},
	Date-Added = {2022-03-01 14:17:17 -0500},
	Date-Modified = {2022-03-01 14:17:17 -0500},
	Doi = {10.1017/pasa.2016.35},
	Eid = {e045},
	Eprint = {1601.03547},
	Journal = {\pasa},
	Keywords = {catalogs, methods: data analysis, telescopes, Astrophysics - High Energy Astrophysical Phenomena},
	Month = sep,
	Pages = {e045},
	Primaryclass = {astro-ph.HE},
	Title = {{FRBCAT: The Fast Radio Burst Catalogue}},
	Volume = {33},
	Year = 2016,
	Bdsk-Url-1 = {https://doi.org/10.1017/pasa.2016.35}}

@article{Manchester2005,
	Adsnote = {Provided by the SAO/NASA Astrophysics Data System},
	Adsurl = {https://ui.adsabs.harvard.edu/abs/2005AJ....129.1993M},
	Archiveprefix = {arXiv},
	Author = {{Manchester}, R.~N. and {Hobbs}, G.~B. and {Teoh}, A. and {Hobbs}, M.},
	Date-Added = {2022-03-01 14:16:04 -0500},
	Date-Modified = {2022-03-01 14:16:04 -0500},
	Doi = {10.1086/428488},
	Eprint = {astro-ph/0412641},
	Journal = {\aj},
	Keywords = {Catalogs, Stars: Pulsars: General, Astrophysics},
	Month = apr,
	Number = {4},
	Pages = {1993-2006},
	Primaryclass = {astro-ph},
	Title = {{The Australia Telescope National Facility Pulsar Catalogue}},
	Volume = {129},
	Year = 2005,
	Bdsk-Url-1 = {https://doi.org/10.1086/428488}}

@article{Brown2019,
	Adsnote = {Provided by the SAO/NASA Astrophysics Data System},
	Adsurl = {https://ui.adsabs.harvard.edu/abs/2019MNRAS.483..964B},
	Archiveprefix = {arXiv},
	Author = {{Brown}, Shea and {Bergerud}, Brandon and {Costa}, Allison and {Gaensler}, B.~M. and {Isbell}, Jacob and {LaRocca}, Daniel and {Norris}, Ray and {Purcell}, Cormac and {Rudnick}, Lawrence and {Sun}, Xiaohui},
	Date-Added = {2022-03-01 13:45:36 -0500},
	Date-Modified = {2022-03-01 13:45:36 -0500},
	Doi = {10.1093/mnras/sty2908},
	Eprint = {1711.03252},
	Journal = {\mnras},
	Keywords = {methods: analytical, Physical data and processes: polarization, methods: data analysis, methods: numerical, methods: statistical, Astrophysics - Instrumentation and Methods for Astrophysics, Astrophysics - Cosmology and Nongalactic Astrophysics},
	Month = feb,
	Number = {1},
	Pages = {964-970},
	Primaryclass = {astro-ph.IM},
	Title = {{Classifying complex Faraday spectra with convolutional neural networks}},
	Volume = {483},
	Year = 2019,
	Bdsk-Url-1 = {https://doi.org/10.1093/mnras/sty2908}}

@article{vanCappellen2022,
	Adsnote = {Provided by the SAO/NASA Astrophysics Data System},
	Adsurl = {https://ui.adsabs.harvard.edu/abs/2022A&A...658A.146V},
	Archiveprefix = {arXiv},
	Author = {{van Cappellen}, W.~A. and {Oosterloo}, T.~A. and {Verheijen}, M.~A.~W. and {Adams}, E.~A.~K. and {Adebahr}, B. and {Braun}, R. and {Hess}, K.~M. and {Holties}, H. and {van der Hulst}, J.~M. and {Hut}, B. and {Kooistra}, E. and {van Leeuwen}, J. and {Loose}, G.~M. and {Morganti}, R. and {Moss}, V.~A. and {Orr{\'u}}, E. and {Ruiter}, M. and {Schoenmakers}, A.~P. and {Vermaas}, N.~J. and {Wijnholds}, S.~J. and {van Amesfoort}, A.~S. and {Arts}, M.~J. and {Attema}, J.~J. and {Bakker}, L. and {Bassa}, C.~G. and {Bast}, J.~E. and {Benthem}, P. and {Beukema}, R. and {Blaauw}, R. and {de Blok}, W.~J.~G. and {Bouwhuis}, M. and {van den Brink}, R.~H. and {Connor}, L. and {Coolen}, A.~H.~W.~M. and {Damstra}, S. and {van Diepen}, G.~N.~J. and {de Goei}, R. and {D{\'e}nes}, H. and {Drost}, M. and {Ebbendorf}, N. and {Frank}, B.~S. and {Gardenier}, D.~W. and {Gerbers}, M. and {Grange}, Y.~G. and {Grit}, T. and {Gunst}, A.~W. and {Gupta}, N. and {Ivashina}, M.~V. and {J{\'o}zsa}, G.~I.~G. and {Janssen}, G.~H. and {Koster}, A. and {Kruithof}, G.~H. and {Kuindersma}, S.~J. and {Kutkin}, A. and {Lucero}, D.~M. and {Maan}, Y. and {Maccagni}, F.~M. and {van der Marel}, J. and {Mika}, A. and {Morawietz}, J. and {Mulder}, H. and {Mulder}, E. and {Norden}, M.~J. and {Offringa}, A.~R. and {Oostrum}, L.~C. and {Overeem}, R.~E. and {Paragi}, Z. and {Pepping}, H.~J. and {Petroff}, E. and {Pisano}, D.~J. and {Polatidis}, A.~G. and {Prasad}, P. and {de Reijer}, J.~P.~R. and {Romein}, J.~W. and {Schaap}, J. and {Schoonderbeek}, G.~W. and {Schulz}, R. and {van der Schuur}, D. and {Sclocco}, A. and {Sluman}, J.~J. and {Smits}, R. and {Stappers}, B.~W. and {Straal}, S.~M. and {Stuurwold}, K.~J.~C. and {Verstappen}, J. and {Vohl}, D. and {Wierenga}, K.~J. and {Woestenburg}, E.~E.~M. and {Zanting}, A.~W. and {Ziemke}, J.},
	Date-Added = {2022-03-01 11:17:51 -0500},
	Date-Modified = {2022-03-01 11:17:51 -0500},
	Doi = {10.1051/0004-6361/202141739},
	Eid = {A146},
	Eprint = {2109.14234},
	Journal = {\aap},
	Keywords = {telescopes, instrumentation: interferometers, surveys, Astrophysics - Instrumentation and Methods for Astrophysics},
	Month = feb,
	Pages = {A146},
	Primaryclass = {astro-ph.IM},
	Title = {{Apertif: Phased array feeds for the Westerbork Synthesis Radio Telescope. System overview and performance characteristics}},
	Volume = {658},
	Year = 2022,
	Bdsk-Url-1 = {https://doi.org/10.1051/0004-6361/202141739}}

@article{Hutschenreuter2022,
	Adsnote = {Provided by the SAO/NASA Astrophysics Data System},
	Adsurl = {https://ui.adsabs.harvard.edu/abs/2022A&A...657A..43H},
	Archiveprefix = {arXiv},
	Author = {{Hutschenreuter}, S. and {Anderson}, C.~S. and {Betti}, S. and {Bower}, G.~C. and {Brown}, J. -A. and {Br{\"u}ggen}, M. and {Carretti}, E. and {Clarke}, T. and {Clegg}, A. and {Costa}, A. and {Croft}, S. and {Eck}, C.~V. and {Gaensler}, B.~M. and {de Gasperin}, F. and {Haverkorn}, M. and {Heald}, G. and {Hull}, C.~L.~H. and {Inoue}, M. and {Johnston-Hollitt}, M. and {Kaczmarek}, J. and {Law}, C. and {Ma}, Y.~K. and {MacMahon}, D. and {Mao}, S.~A. and {Riseley}, C. and {Roy}, S. and {Shanahan}, R. and {Shimwell}, T. and {Stil}, J. and {Sobey}, C. and {O'Sullivan}, S.~P. and {Tasse}, C. and {Vacca}, V. and {Vernstrom}, T. and {Williams}, P.~K.~G. and {Wright}, M. and {En{\ss}lin}, T.~A.},
	Date-Added = {2022-02-17 10:48:21 -0500},
	Date-Modified = {2022-02-17 10:48:21 -0500},
	Doi = {10.1051/0004-6361/202140486},
	Eid = {A43},
	Eprint = {2102.01709},
	Journal = {\aap},
	Keywords = {Galaxy: general, ISM: magnetic fields, ISM: structure, Galaxy: structure, Astrophysics - Astrophysics of Galaxies},
	Month = jan,
	Pages = {A43},
	Primaryclass = {astro-ph.GA},
	Title = {{The Galactic Faraday rotation sky 2020}},
	Volume = {657},
	Year = 2022,
	Bdsk-Url-1 = {https://doi.org/10.1051/0004-6361/202140486}}

@article{Scipy,
	Adsurl = {https://rdcu.be/b08Wh},
	Author = {Virtanen, Pauli and Gommers, Ralf and Oliphant, Travis E. and Haberland, Matt and Reddy, Tyler and Cournapeau, David and Burovski, Evgeni and Peterson, Pearu and Weckesser, Warren and Bright, Jonathan and {van der Walt}, St{\'e}fan J. and Brett, Matthew and Wilson, Joshua and Millman, K. Jarrod and Mayorov, Nikolay and Nelson, Andrew R. J. and Jones, Eric and Kern, Robert and Larson, Eric and Carey, C J and Polat, {\.I}lhan and Feng, Yu and Moore, Eric W. and {VanderPlas}, Jake and Laxalde, Denis and Perktold, Josef and Cimrman, Robert and Henriksen, Ian and Quintero, E. A. and Harris, Charles R. and Archibald, Anne M. and Ribeiro, Ant{\^o}nio H. and Pedregosa, Fabian and {van Mulbregt}, Paul and {SciPy 1.0 Contributors}},
	Date-Added = {2022-02-11 14:20:13 -0500},
	Date-Modified = {2022-02-11 14:20:17 -0500},
	Doi = {10.1038/s41592-019-0686-2},
	Journal = {Nature Methods},
	Pages = {261--272},
	Title = {{{SciPy} 1.0: Fundamental Algorithms for Scientific Computing in Python}},
	Volume = {17},
	Year = {2020},
	Bdsk-Url-1 = {https://doi.org/10.1038/s41592-019-0686-2}}

@article{Astropy2,
	Adsnote = {Provided by the SAO/NASA Astrophysics Data System},
	Adsurl = {https://ui.adsabs.harvard.edu/abs/2018AJ....156..123A},
	Archiveprefix = {arXiv},
	Author = {{Astropy Collaboration} and {Price-Whelan}, A.~M. and {Sip{\H{o}}cz}, B.~M. and {G{\"u}nther}, H.~M. and {Lim}, P.~L. and {Crawford}, S.~M. and {Conseil}, S. and {Shupe}, D.~L. and {Craig}, M.~W. and {Dencheva}, N. and {Ginsburg}, A. and {VanderPlas}, J.~T. and {Bradley}, L.~D. and {P{\'e}rez-Su{\'a}rez}, D. and {de Val-Borro}, M. and {Aldcroft}, T.~L. and {Cruz}, K.~L. and {Robitaille}, T.~P. and {Tollerud}, E.~J. and {Ardelean}, C. and {Babej}, T. and {Bach}, Y.~P. and {Bachetti}, M. and {Bakanov}, A.~V. and {Bamford}, S.~P. and {Barentsen}, G. and {Barmby}, P. and {Baumbach}, A. and {Berry}, K.~L. and {Biscani}, F. and {Boquien}, M. and {Bostroem}, K.~A. and {Bouma}, L.~G. and {Brammer}, G.~B. and {Bray}, E.~M. and {Breytenbach}, H. and {Buddelmeijer}, H. and {Burke}, D.~J. and {Calderone}, G. and {Cano Rodr{\'\i}guez}, J.~L. and {Cara}, M. and {Cardoso}, J.~V.~M. and {Cheedella}, S. and {Copin}, Y. and {Corrales}, L. and {Crichton}, D. and {D'Avella}, D. and {Deil}, C. and {Depagne}, {\'E}. and {Dietrich}, J.~P. and {Donath}, A. and {Droettboom}, M. and {Earl}, N. and {Erben}, T. and {Fabbro}, S. and {Ferreira}, L.~A. and {Finethy}, T. and {Fox}, R.~T. and {Garrison}, L.~H. and {Gibbons}, S.~L.~J. and {Goldstein}, D.~A. and {Gommers}, R. and {Greco}, J.~P. and {Greenfield}, P. and {Groener}, A.~M. and {Grollier}, F. and {Hagen}, A. and {Hirst}, P. and {Homeier}, D. and {Horton}, A.~J. and {Hosseinzadeh}, G. and {Hu}, L. and {Hunkeler}, J.~S. and {Ivezi{\'c}}, {\v{Z}}. and {Jain}, A. and {Jenness}, T. and {Kanarek}, G. and {Kendrew}, S. and {Kern}, N.~S. and {Kerzendorf}, W.~E. and {Khvalko}, A. and {King}, J. and {Kirkby}, D. and {Kulkarni}, A.~M. and {Kumar}, A. and {Lee}, A. and {Lenz}, D. and {Littlefair}, S.~P. and {Ma}, Z. and {Macleod}, D.~M. and {Mastropietro}, M. and {McCully}, C. and {Montagnac}, S. and {Morris}, B.~M. and {Mueller}, M. and {Mumford}, S.~J. and {Muna}, D. and {Murphy}, N.~A. and {Nelson}, S. and {Nguyen}, G.~H. and {Ninan}, J.~P. and {N{\"o}the}, M. and {Ogaz}, S. and {Oh}, S. and {Parejko}, J.~K. and {Parley}, N. and {Pascual}, S. and {Patil}, R. and {Patil}, A.~A. and {Plunkett}, A.~L. and {Prochaska}, J.~X. and {Rastogi}, T. and {Reddy Janga}, V. and {Sabater}, J. and {Sakurikar}, P. and {Seifert}, M. and {Sherbert}, L.~E. and {Sherwood-Taylor}, H. and {Shih}, A.~Y. and {Sick}, J. and {Silbiger}, M.~T. and {Singanamalla}, S. and {Singer}, L.~P. and {Sladen}, P.~H. and {Sooley}, K.~A. and {Sornarajah}, S. and {Streicher}, O. and {Teuben}, P. and {Thomas}, S.~W. and {Tremblay}, G.~R. and {Turner}, J.~E.~H. and {Terr{\'o}n}, V. and {van Kerkwijk}, M.~H. and {de la Vega}, A. and {Watkins}, L.~L. and {Weaver}, B.~A. and {Whitmore}, J.~B. and {Woillez}, J. and {Zabalza}, V. and {Astropy Contributors}},
	Date-Added = {2022-02-11 14:17:04 -0500},
	Date-Modified = {2022-02-11 14:17:10 -0500},
	Doi = {10.3847/1538-3881/aabc4f},
	Eid = {123},
	Eprint = {1801.02634},
	Journal = {\aj},
	Keywords = {methods: data analysis, methods: miscellaneous, methods: statistical, reference systems, Astrophysics - Instrumentation and Methods for Astrophysics},
	Month = sep,
	Number = {3},
	Pages = {123},
	Primaryclass = {astro-ph.IM},
	Title = {{The Astropy Project: Building an Open-science Project and Status of the v2.0 Core Package}},
	Volume = {156},
	Year = 2018,
	Bdsk-Url-1 = {https://doi.org/10.3847/1538-3881/aabc4f}}

@article{Livingston2022,
	Adsnote = {Provided by the SAO/NASA Astrophysics Data System},
	Adsurl = {https://ui.adsabs.harvard.edu/abs/2022MNRAS.510..260L},
	Archiveprefix = {arXiv},
	Author = {{Livingston}, J.~D. and {McClure-Griffiths}, N.~M. and {Mao}, S.~A. and {Ma}, Y.~K. and {Gaensler}, B.~M. and {Heald}, G. and {Seta}, A.},
	Date-Added = {2022-02-09 15:58:56 -0500},
	Date-Modified = {2022-02-09 15:58:56 -0500},
	Doi = {10.1093/mnras/stab3375},
	Eprint = {2112.04044},
	Journal = {\mnras},
	Keywords = {polarization, ISM: magnetic fields, Magellanic Clouds, Astrophysics - Astrophysics of Galaxies},
	Month = feb,
	Number = {1},
	Pages = {260-275},
	Primaryclass = {astro-ph.GA},
	Title = {{A radio polarization study of magnetic fields in the Small Magellanic Cloud}},
	Volume = {510},
	Year = 2022,
	Bdsk-Url-1 = {https://doi.org/10.1093/mnras/stab3375}}

@article{Dickey2019,
	Abstract = {Faraday rotation occurs along every line of sight in the Galaxy; Rotation Measure (RM) synthesis allows a three-dimensional representation of the interstellar magnetic field. This study uses data from the Global Magneto-Ionic Medium Survey, a combination of single-antenna spectro-polarimetric studies, including northern sky data from the DRAO 26-m Telescope (1270-1750 MHz) and southern sky data from the Parkes 64-m Telescope (300-480 MHz). From the synthesized Faraday spectral cubes we compute the zeroth, first, and second moments to find the total polarized emission, mean and RM-width of the polarized emission. From DRAO first moments we find a weak vertical field directed from Galactic North to South, but Parkes data reveal fields directed towards the Sun at high latitudes in both hemispheres: the two surveys clearly sample different volumes. DRAO second moments show feature widths in Faraday spectra increasing with decreasing positive latitudes, implying that longer lines of sight encounter more Faraday rotating medium, but this is not seen at negative latitudes. Parkes data show the opposite: at positive latitudes the second moment decreases with decreasing latitude, but not at negative latitudes. Comparing first moments with RMs of pulsars and extragalactic sources and a study of depolarization together confirm that the DRAO survey samples to larger distances than the Parkes data. Emission regions in the DRAO survey are typically 700 to 1000 pc away, slightly beyond the scale-height of the magneto-ionic medium; emission detected in the Parkes survey is entirely within the magneto-ionic disk, less than 500 pc away.},
	Author = {Dickey, John M. and Landecker, T. L. and Thomson, Alec J. M. and Wolleben, M. and Sun, X. and Carretti, E. and Douglas, K. and Fletcher, A. and Gaensler, B. M. and Gray, A. and Haverkorn, M. and Hill, A. S. and Mao, S. A. and McClure-Griffiths, N. M.},
	Date-Added = {2021-12-18 10:41:06 -0500},
	Date-Modified = {2021-12-18 10:41:06 -0500},
	Doi = {10.3847/1538-4357/aaf85f},
	File = {:Users/cvaneck/Documents/Papers/Others/2019/Dickey et al. - The Galactic Magneto-ionic Medium Survey Moments of the Faraday Spectra.pdf:pdf},
	Issn = {1538-4357},
	Journal = {The Astrophysical Journal},
	Keywords = {cosmic rays,ism,local interstellar matter,magnetic fi elds,polarimetric,techniques},
	Number = {1},
	Pages = {106},
	Title = {{The Galactic Magneto-ionic Medium Survey: Moments of the Faraday Spectra}},
	Url = {http://stacks.iop.org/0004-637X/871/i=1/a=106?key=crossref.57b596705cb46211e7d705f0444b8154},
	Volume = {871},
	Year = {2019},
	Bdsk-Url-1 = {http://stacks.iop.org/0004-637X/871/i=1/a=106?key=crossref.57b596705cb46211e7d705f0444b8154},
	Bdsk-Url-2 = {https://doi.org/10.3847/1538-4357/aaf85f}}

@article{Alger2021,
	Adsnote = {Provided by the SAO/NASA Astrophysics Data System},
	Adsurl = {https://ui.adsabs.harvard.edu/abs/2021PASA...38...22A},
	Archiveprefix = {arXiv},
	Author = {{Alger}, M.~J. and {Livingston}, J.~D. and {McClure-Griffiths}, N.~M. and {Nabaglo}, J.~L. and {Wong}, O.~I. and {Ong}, C.~S.},
	Date-Added = {2021-12-16 11:41:44 -0500},
	Date-Modified = {2021-12-16 11:41:44 -0500},
	Doi = {10.1017/pasa.2021.10},
	Eid = {e022},
	Eprint = {2102.10903},
	Journal = {\pasa},
	Keywords = {astrostatistics, classification, radio astronomy, radio spectroscopy, spectropolarimetry, Astrophysics - Instrumentation and Methods for Astrophysics, Astrophysics - Astrophysics of Galaxies},
	Month = apr,
	Pages = {e022},
	Primaryclass = {astro-ph.IM},
	Title = {{Interpretable Faraday complexity classification}},
	Volume = {38},
	Year = 2021,
	Bdsk-Url-1 = {https://doi.org/10.1017/pasa.2021.10}}

@misc{Sotomayor-Beltran2013,
	Adsnote = {Provided by the SAO/NASA Astrophysics Data System},
	Adsurl = {https://ui.adsabs.harvard.edu/abs/2013ascl.soft03022S},
	Archiveprefix = {ascl},
	Author = {{Sotomayor-Beltran}, C. and {Sobey}, C. and {Hessels}, J.~W.~T. and {de Bruyn}, G. and {Noutsos}, A. and {Alexov}, A. and {Anderson}, J. and {Asgekar}, A. and {Avruch}, I.~M. and {Beck}, R. and {Bell}, M.~E. and {Bell}, M.~R. and {Bentum}, M.~J. and {Bernardi}, G. and {Best}, P. and {Birzan}, L. and {Bonafede}, A. and {Breitling}, F. and {Broderick}, J. and {Brouw}, W.~N. and {Brueggen}, M. and {Ciardi}, B. and {de Gasperin}, F. and {Dettmar}, R. -J. and {van Duin}, A. and {Duscha}, S. and {Eisloeffel}, J. and {Falcke}, H. and {Fallows}, R.~A. and {Fender}, R. and {Ferrari}, C. and {Frieswijk}, W. and {Garrett}, M.~A. and {Griessmeier}, J. and {Grit}, T. and {Gunst}, A.~W. and {Hassall}, T.~E. and {Heald}, G. and {Hoeft}, M. and {Horneffer}, A. and {Iacobelli}, M. and {Juette}, E. and {Karastergiou}, A. and {Keane}, E. and {Kohler}, J. and {Kramer}, M. and {Kondratiev}, V.~I. and {Koopmans}, L.~V.~E. and {Kuniyoshi}, M. and {Kuper}, G. and {van Leeuwen}, J. and {Maat}, P. and {Macario}, G. and {Markoff}, S. and {McKean}, J.~P. and {Mulcahy}, D.~D. and {Munk}, H. and {Orru}, E. and {Paas}, H. and {Pandey-Pommier}, M. and {Pilia}, M. and {Pizzo}, R. and {Polatidis}, A.~G. and {Reich}, W. and {Roettgering}, H. and {Serylak}, M. and {Sluman}, J. and {Stappers}, B.~W. and {Tagger}, M. and {Tang}, Y. and {Tasse}, C. and {ter Veen}, S. and {Vermeulen}, R. and {van Weeren}, R.~J. and {Wijers}, R.~A.~M.~J. and {Wijnholds}, S.~J. and {Wise}, M.~W. and {Wucknitz}, O. and {Yatawatta}, S. and {Zarka}, P.},
	Date-Added = {2021-12-15 16:05:46 -0500},
	Date-Modified = {2021-12-15 16:05:46 -0500},
	Eid = {ascl:1303.022},
	Eprint = {1303.022},
	Keywords = {Software},
	Month = mar,
	Pages = {ascl:1303.022},
	Title = {{ionFR: Ionospheric Faraday rotation}},
	Year = 2013}

@article{Heald2020,
	Adsnote = {Provided by the SAO/NASA Astrophysics Data System},
	Adsurl = {https://ui.adsabs.harvard.edu/abs/2020Galax...8...53H},
	Archiveprefix = {arXiv},
	Author = {{Heald}, George and {Mao}, Sui and {Vacca}, Valentina and {Akahori}, Takuya and {Damas-Segovia}, Ancor and {Gaensler}, Bryan and {Hoeft}, Matthias and {Agudo}, Ivan and {Basu}, Aritra and {Beck}, Rainer and {Birkinshaw}, Mark and {Bonafede}, Annalisa and {Bourke}, Tyler and {Bracco}, Andrea and {Carretti}, Ettore and {Feretti}, Luigina and {Girart}, J. and {Govoni}, Federica and {Green}, James and {Han}, JinLin and {Haverkorn}, Marijke and {Horellou}, Cathy and {Johnston-Hollitt}, Melanie and {Kothes}, Roland and {Landecker}, Tom and {Nikiel-Wroczy{\'n}ski}, B{\l}a{\.z}ej and {O'Sullivan}, Shane and {Padovani}, Marco and {Poidevin}, Fr{\'e}d{\'e}rick and {Pratley}, Luke and {Regis}, Marco and {Riseley}, Christopher and {Robishaw}, Tim and {Rudnick}, Lawrence and {Sobey}, Charlotte and {Stil}, Jeroen and {Sun}, Xiaohui and {Sur}, Sharanya and {Taylor}, A. and {Thomson}, Alec and {Van Eck}, Cameron and {Vazza}, Franco and {West}, Jennifer and {SKA Magnetism Science Working Group}},
	Date-Added = {2021-12-15 13:57:50 -0500},
	Date-Modified = {2021-12-15 13:57:50 -0500},
	Doi = {10.3390/galaxies8030053},
	Eprint = {2006.03172},
	Journal = {Galaxies},
	Keywords = {Astrophysics - Astrophysics of Galaxies, Astrophysics - Instrumentation and Methods for Astrophysics},
	Month = jul,
	Number = {3},
	Pages = {53},
	Primaryclass = {astro-ph.GA},
	Title = {{Magnetism Science with the Square Kilometre Array}},
	Volume = {8},
	Year = 2020,
	Bdsk-Url-1 = {https://doi.org/10.3390/galaxies8030053}}

@article{Sobey2021,
	Adsnote = {Provided by the SAO/NASA Astrophysics Data System},
	Adsurl = {https://ui.adsabs.harvard.edu/abs/2021MNRAS.504..228S},
	Archiveprefix = {arXiv},
	Author = {{Sobey}, C. and {Johnston}, S. and {Dai}, S. and {Kerr}, M. and {Manchester}, R.~N. and {Oswald}, L.~S. and {Parthasarathy}, A. and {Shannon}, R.~M. and {Weltevrede}, P.},
	Date-Added = {2021-12-15 13:55:10 -0500},
	Date-Modified = {2021-12-15 13:55:10 -0500},
	Doi = {10.1093/mnras/stab861},
	Eprint = {2103.13838},
	Journal = {\mnras},
	Keywords = {polarization, (stars:) pulsars: general, ISM: magnetic fields, Astrophysics - High Energy Astrophysical Phenomena, Astrophysics - Astrophysics of Galaxies, Astrophysics - Instrumentation and Methods for Astrophysics},
	Month = jun,
	Number = {1},
	Pages = {228-247},
	Primaryclass = {astro-ph.HE},
	Title = {{A polarization census of bright pulsars using the ultrawideband receiver on the Parkes radio telescope}},
	Volume = {504},
	Year = 2021,
	Bdsk-Url-1 = {https://doi.org/10.1093/mnras/stab861}}

@article{Bonafede2010,
	Adsnote = {Provided by the SAO/NASA Astrophysics Data System},
	Adsurl = {https://ui.adsabs.harvard.edu/abs/2010A&A...513A..30B},
	Archiveprefix = {arXiv},
	Author = {{Bonafede}, A. and {Feretti}, L. and {Murgia}, M. and {Govoni}, F. and {Giovannini}, G. and {Dallacasa}, D. and {Dolag}, K. and {Taylor}, G.~B.},
	Date-Added = {2021-12-15 10:00:05 -0500},
	Date-Modified = {2021-12-15 10:00:05 -0500},
	Doi = {10.1051/0004-6361/200913696},
	Eid = {A30},
	Eprint = {1002.0594},
	Journal = {\aap},
	Keywords = {magnetic fields, polarization, galaxies: clusters: general, galaxies: clusters: individual: A1656 Coma, Astrophysics - Cosmology and Nongalactic Astrophysics, Astrophysics - High Energy Astrophysical Phenomena},
	Month = apr,
	Pages = {A30},
	Primaryclass = {astro-ph.CO},
	Title = {{The Coma cluster magnetic field from Faraday rotation measures}},
	Volume = {513},
	Year = 2010,
	Bdsk-Url-1 = {https://doi.org/10.1051/0004-6361/200913696}}

@article{Mao2014,
	Adsnote = {Provided by the SAO/NASA Astrophysics Data System},
	Adsurl = {https://ui.adsabs.harvard.edu/abs/2014arXiv1401.1875M},
	Archiveprefix = {arXiv},
	Author = {{Mao}, Sui Ann and {Banfield}, Julie and {Gaensler}, Bryan and {Rudnick}, Lawrence and {Stil}, Jeroen and {Purcell}, Cormac and {Beck}, Rainer and {Farnes}, Jamie and {O'Sullivan}, Shane and {Schnitzeler}, Dominic and {Willis}, Tony and {Sun}, Xiaohui and {Carretti}, Ettore and {Dolag}, Klaus and {Sokoloff}, Dmitry and {Kothes}, Roland and {Wolleben}, Maik and {Heald}, George and {Geisbuesch}, Joern and {Robishaw}, Tim and {Afonso}, Jose and {Magalh{\~a}es}, Antonio Mario and {Lundgren}, Britt and {Haverkorn}, Marijke and {Oppermann}, Niels and {Taylor}, Russ},
	Date-Added = {2021-12-13 15:28:13 -0500},
	Date-Modified = {2021-12-13 15:28:13 -0500},
	Eid = {arXiv:1401.1875},
	Eprint = {1401.1875},
	Journal = {arXiv e-prints},
	Keywords = {Astrophysics - Astrophysics of Galaxies, Astrophysics - Cosmology and Nongalactic Astrophysics},
	Month = jan,
	Pages = {arXiv:1401.1875},
	Primaryclass = {astro-ph.GA},
	Title = {{A Wideband Polarization Survey of the Extragalactic Sky at 2-4 GHz: A Science White Paper for the VLA Sky Survey}},
	Year = 2014}

@article{Farnes2017,
	Adsnote = {Provided by the SAO/NASA Astrophysics Data System},
	Adsurl = {https://ui.adsabs.harvard.edu/abs/2017ApJ...841...67F},
	Archiveprefix = {arXiv},
	Author = {{Farnes}, J.~S. and {Rudnick}, L. and {Gaensler}, B.~M. and {Haverkorn}, M. and {O'Sullivan}, S.~P. and {Curran}, S.~J.},
	Date-Added = {2021-12-10 12:26:01 -0500},
	Date-Modified = {2021-12-10 12:26:01 -0500},
	Doi = {10.3847/1538-4357/aa7060},
	Eid = {67},
	Eprint = {1609.01623},
	Journal = {\apj},
	Keywords = {galaxies: magnetic fields, magnetic fields, polarization, quasars: absorption lines, Astrophysics - Astrophysics of Galaxies},
	Month = jun,
	Number = {2},
	Pages = {67},
	Primaryclass = {astro-ph.GA},
	Title = {{Observed Faraday Effects in Damped Ly{\ensuremath{\alpha}} Absorbers and Lyman Limit Systems: The Magnetized Environment of Galactic Building Blocks at Redshift = 2}},
	Volume = {841},
	Year = 2017,
	Bdsk-Url-1 = {https://doi.org/10.3847/1538-4357/aa7060}}

@article{Vallee1975,
	Adsnote = {Provided by the SAO/NASA Astrophysics Data System},
	Adsurl = {https://ui.adsabs.harvard.edu/abs/1975Natur.254...23V},
	Author = {{Vallee}, J.~P.},
	Date-Added = {2021-12-10 10:15:30 -0500},
	Date-Modified = {2021-12-10 10:15:30 -0500},
	Doi = {10.1038/254023a0},
	Journal = {\nat},
	Keywords = {Faraday Effect, Intergalactic Media, Magnetic Field Configurations, Polarized Electromagnetic Radiation, Quasars, Radio Galaxies, Red Shift, Astronomical Catalogs, Astronomical Models, Galactic Rotation, Radio Astronomy, Spiral Galaxies, Astrophysics},
	Month = mar,
	Number = {5495},
	Pages = {23-26},
	Title = {{Magnetic field in the intergalactic region}},
	Volume = {254},
	Year = 1975,
	Bdsk-Url-1 = {https://doi.org/10.1038/254023a0}}

@article{Bell2012,
	Adsnote = {Provided by the SAO/NASA Astrophysics Data System},
	Adsurl = {https://ui.adsabs.harvard.edu/abs/2012A&A...540A..80B},
	Archiveprefix = {arXiv},
	Author = {{Bell}, M.~R. and {En{\ss}lin}, T.~A.},
	Date-Added = {2021-12-02 16:47:53 -0500},
	Date-Modified = {2021-12-02 16:47:53 -0500},
	Doi = {10.1051/0004-6361/201118672},
	Eid = {A80},
	Eprint = {1112.4175},
	Journal = {\aap},
	Keywords = {polarization, magnetic fields, methods: data analysis, techniques: interferometric, techniques: polarimetric, Astrophysics - Instrumentation and Methods for Astrophysics},
	Month = apr,
	Pages = {A80},
	Primaryclass = {astro-ph.IM},
	Title = {{Faraday synthesis. The synergy of aperture and rotation measure synthesis}},
	Volume = {540},
	Year = 2012,
	Bdsk-Url-1 = {https://doi.org/10.1051/0004-6361/201118672}}

@article{George2012,
	Adsnote = {Provided by the SAO/NASA Astrophysics Data System},
	Adsurl = {https://ui.adsabs.harvard.edu/abs/2012PASA...29..214G},
	Archiveprefix = {arXiv},
	Author = {{George}, Samuel J. and {Stil}, Jeroen M. and {Keller}, Ben W.},
	Date-Added = {2021-08-19 16:30:01 -0400},
	Date-Modified = {2021-08-19 16:30:01 -0400},
	Doi = {10.1071/AS11027},
	Eprint = {1106.5362},
	Journal = {\pasa},
	Keywords = {polarization, methods: statistical, methods: data analysis, Astrophysics - Instrumentation and Methods for Astrophysics, Astrophysics - Cosmology and Nongalactic Astrophysics},
	Month = oct,
	Number = {3},
	Pages = {214-220},
	Primaryclass = {astro-ph.IM},
	Title = {{Detection Thresholds and Bias Correction in Polarized Intensity}},
	Volume = {29},
	Year = 2012,
	Bdsk-Url-1 = {https://doi.org/10.1071/AS11027}}

@article{Killeen1986,
	Adsnote = {Provided by the SAO/NASA Astrophysics Data System},
	Adsurl = {https://ui.adsabs.harvard.edu/abs/1986ApJ...302..306K},
	Author = {{Killeen}, N.~E.~B. and {Bicknell}, G.~V. and {Ekers}, R.~D.},
	Date-Added = {2021-08-19 16:29:22 -0400},
	Date-Modified = {2021-08-19 16:29:22 -0400},
	Doi = {10.1086/163992},
	Journal = {\apj},
	Keywords = {Galactic Structure, Polarization Characteristics, Radio Astronomy, Radio Galaxies, Radio Jets (Astronomy), Very Large Array (Vla), Astronomical Maps, Brightness Distribution, Galactic Nuclei, Interstellar Magnetic Fields, Radio Spectra, Very Long Base Interferometry, Astrophysics, GALAXIES: INDIVIDUAL ALPHANUMERIC: IC 4296, GALAXIES: INDIVIDUAL ALPHANUMERIC: PKS 1333-33, GALAXIES: JETS, GALAXIES: STRUCTURE, POLARIZATION, RADIO SOURCES: GALAXIES},
	Month = mar,
	Pages = {306},
	Title = {{The Radio Galaxy IC 4296 (PKS 1333-22). I. Multifrequency Very Large Array Observations}},
	Volume = {302},
	Year = 1986,
	Bdsk-Url-1 = {https://doi.org/10.1086/163992}}

@misc{RMextract,
	Adsnote = {Provided by the SAO/NASA Astrophysics Data System},
	Adsurl = {https://ui.adsabs.harvard.edu/abs/2018ascl.soft06024M},
	Archiveprefix = {ascl},
	Author = {{Mevius}, Maaijke},
	Date-Added = {2021-08-19 16:19:24 -0400},
	Date-Modified = {2021-08-19 16:19:28 -0400},
	Eid = {ascl:1806.024},
	Eprint = {1806.024},
	Keywords = {Software},
	Month = jun,
	Pages = {ascl:1806.024},
	Title = {{RMextract: Ionospheric Faraday Rotation calculator}},
	Year = 2018}

@misc{RM-Tools,
	Adsnote = {Provided by the SAO/NASA Astrophysics Data System},
	Adsurl = {https://ui.adsabs.harvard.edu/abs/2020ascl.soft05003P},
	Archiveprefix = {ascl},
	Author = {{Purcell}, C.~R. and {Van Eck}, C.~L. and {West}, J. and {Sun}, X.~H. and {Gaensler}, B.~M.},
	Date-Added = {2021-08-19 16:13:27 -0400},
	Date-Modified = {2021-08-19 16:13:33 -0400},
	Eid = {ascl:2005.003},
	Eprint = {2005.003},
	Keywords = {Software},
	Month = may,
	Pages = {ascl:2005.003},
	Title = {{RM-Tools: Rotation measure (RM) synthesis and Stokes QU-fitting}},
	Year = 2020}

@software{pandas,
	Author = {Jeff Reback and Wes McKinney and jbrockmendel and Joris Van den Bossche and Tom Augspurger and Phillip Cloud and gfyoung and Sinhrks and Adam Klein and Matthew Roeschke and Simon Hawkins and Jeff Tratner and Chang She and William Ayd and Terji Petersen and Marc Garcia and Jeremy Schendel and Andy Hayden and MomIsBestFriend and Vytautas Jancauskas and Pietro Battiston and Skipper Seabold and chris-b1 and h-vetinari and Stephan Hoyer and Wouter Overmeire and alimcmaster1 and Kaiqi Dong and Christopher Whelan and Mortada Mehyar},
	Date-Added = {2021-08-19 10:52:35 -0400},
	Date-Modified = {2021-08-19 10:52:39 -0400},
	Doi = {10.5281/zenodo.3715232},
	Month = mar,
	Publisher = {Zenodo},
	Title = {pandas-dev/pandas: Pandas 1.0.3},
	Url = {https://doi.org/10.5281/zenodo.3715232},
	Version = {v1.0.3},
	Year = 2020,
	Bdsk-Url-1 = {https://doi.org/10.5281/zenodo.3715232}}

@article{VanEck2021,
	Adsnote = {Provided by the SAO/NASA Astrophysics Data System},
	Adsurl = {https://ui.adsabs.harvard.edu/abs/2021ApJS..253...48V},
	Archiveprefix = {arXiv},
	Author = {{Van Eck}, C.~L. and {Brown}, J.~C. and {Ordog}, A. and {Kothes}, R. and {Landecker}, T.~L. and {Cooper}, B. and {Rae}, K.~M. and {Del Rizzo}, D.~A. and {Gray}, A.~D. and {Ransom}, R. and {Reid}, R.~I. and {Uyaniker}, B.},
	Date-Added = {2021-08-18 15:49:00 -0400},
	Date-Modified = {2021-08-18 15:49:00 -0400},
	Doi = {10.3847/1538-4365/abe389},
	Eid = {48},
	Eprint = {2102.02856},
	Journal = {\apjs},
	Keywords = {Catalogs, Milky Way magnetic fields, Polarimetry, 205, 1057, 1278, Astrophysics - Astrophysics of Galaxies},
	Month = apr,
	Number = {2},
	Pages = {48},
	Primaryclass = {astro-ph.GA},
	Title = {{Revisiting Rotation Measures from the Canadian Galactic Plane Survey: the Magnetic Field in the Disk of the Outer Galaxy}},
	Volume = {253},
	Year = 2021,
	Bdsk-Url-1 = {https://doi.org/10.3847/1538-4365/abe389}}

@article{Livingston2021,
	Adsnote = {Provided by the SAO/NASA Astrophysics Data System},
	Adsurl = {https://ui.adsabs.harvard.edu/abs/2021MNRAS.502.3814L},
	Archiveprefix = {arXiv},
	Author = {{Livingston}, J.~D. and {McClure-Griffiths}, N.~M. and {Gaensler}, B.~M. and {Seta}, A. and {Alger}, M.~J.},
	Date-Added = {2021-08-18 15:44:39 -0400},
	Date-Modified = {2021-08-18 15:44:39 -0400},
	Doi = {10.1093/mnras/stab253},
	Eprint = {2102.01139},
	Journal = {\mnras},
	Keywords = {turbulence, ISM: magnetic fields, Galaxy: centre, Astrophysics - Astrophysics of Galaxies},
	Month = apr,
	Number = {3},
	Pages = {3814-3828},
	Primaryclass = {astro-ph.GA},
	Title = {{Heightened Faraday complexity in the inner 1 kpc of the galactic centre}},
	Volume = {502},
	Year = 2021,
	Bdsk-Url-1 = {https://doi.org/10.1093/mnras/stab253}}

@article{Ferriere2021,
	Adsnote = {Provided by the SAO/NASA Astrophysics Data System},
	Adsurl = {https://ui.adsabs.harvard.edu/abs/2021MNRAS.tmp.1703F},
	Archiveprefix = {arXiv},
	Author = {{Ferri{\'e}re}, K. and {West}, J.~L. and {Jaffe}, T.~R.},
	Date-Added = {2021-08-17 13:57:56 -0400},
	Date-Modified = {2021-08-17 13:57:56 -0400},
	Doi = {10.1093/mnras/stab1641},
	Eprint = {2106.03074},
	Journal = {\mnras},
	Keywords = {ISM, magnetic fields, polarization, Astrophysics - Astrophysics of Galaxies},
	Month = jun,
	Primaryclass = {astro-ph.GA},
	Title = {{The correct sense of faraday rotation}},
	Year = 2021,
	Bdsk-Url-1 = {https://doi.org/10.1093/mnras/stab1641}}

@article{deSeregoAlighieri2017,
	Adsnote = {Provided by the SAO/NASA Astrophysics Data System},
	Adsurl = {https://ui.adsabs.harvard.edu/abs/2017ExA....43...19D},
	Archiveprefix = {arXiv},
	Author = {{de Serego Alighieri}, Sperello},
	Date-Added = {2021-06-24 13:54:51 -0400},
	Date-Modified = {2021-06-24 13:54:51 -0400},
	Doi = {10.1007/s10686-016-9517-y},
	Eprint = {1612.03045},
	Journal = {Experimental Astronomy},
	Keywords = {Techniques, Polarimetric, Astrophysics - Instrumentation and Methods for Astrophysics},
	Month = feb,
	Number = {1},
	Pages = {19-22},
	Primaryclass = {astro-ph.IM},
	Title = {{The conventions for the polarization angle}},
	Volume = {43},
	Year = 2017,
	Bdsk-Url-1 = {https://doi.org/10.1007/s10686-016-9517-y}}

@article{Simmons1985,
	Adsnote = {Provided by the SAO/NASA Astrophysics Data System},
	Adsurl = {https://ui.adsabs.harvard.edu/abs/1985A&A...142..100S},
	Author = {{Simmons}, J.~F.~L. and {Stewart}, B.~G.},
	Date-Added = {2021-06-24 13:50:34 -0400},
	Date-Modified = {2021-06-24 13:50:34 -0400},
	Journal = {\aap},
	Keywords = {Astronomy, Bias, Linear Polarization, Polarimetry, Radiation Sources, Confidence Limits, Estimating, Maximum Likelihood Estimates, Probability Distribution Functions, Radio Astronomy, Signal To Noise Ratios, Astrophysics},
	Month = jan,
	Number = {1},
	Pages = {100-106},
	Title = {{Point and interval estimation of the true unbiased degree of linear polarization in the presence of low signal-to-noise ratios}},
	Volume = {142},
	Year = 1985}

@article{Wardle1974,
	Adsnote = {Provided by the SAO/NASA Astrophysics Data System},
	Adsurl = {https://ui.adsabs.harvard.edu/abs/1974ApJ...194..249W},
	Author = {{Wardle}, J.~F.~C. and {Kronberg}, P.~P.},
	Date-Added = {2021-06-24 13:50:04 -0400},
	Date-Modified = {2021-06-24 13:50:04 -0400},
	Doi = {10.1086/153240},
	Journal = {\apj},
	Keywords = {Microwave Emission, Polarization Characteristics, Quasars, Radio Astronomy, Depolarization, Microwave Interferometers, Polarized Electromagnetic Radiation, Red Shift, Tables (Data), Astrophysics},
	Month = dec,
	Pages = {249-255},
	Title = {{The linear polarization of quasi-stellar radio sources at 3.71 and 11.1 centimeters.}},
	Volume = {194},
	Year = 1974,
	Bdsk-Url-1 = {https://doi.org/10.1086/153240}}

@inproceedings{Jarvis2016,
	Adsnote = {Provided by the SAO/NASA Astrophysics Data System},
	Adsurl = {https://ui.adsabs.harvard.edu/abs/2016mks..confE...6J},
	Archiveprefix = {arXiv},
	Author = {{Jarvis}, M. and {Taylor}, R. and {Agudo}, I. and {Allison}, J.~R. and {Deane}, R.~P. and {Frank}, B. and {Gupta}, N. and {Heywood}, I. and {Maddox}, N. and {McAlpine}, K. and {Santos}, M. and {Scaife}, A.~M.~M. and {Vaccari}, M. and {Zwart}, J.~T.~L. and {Adams}, E. and {Bacon}, D.~J. and {Baker}, A.~J. and {Bassett}, B.~A. and {Best}, P.~N. and {Beswick}, R. and {Blyth}, S. and {Brown}, M.~L. and {Bruggen}, M. and {Cluver}, M. and {Colafrancesco}, S. and {Cotter}, G. and {Cress}, C. and {Dav{\'e}}, R. and {Ferrari}, C. and {Hardcastle}, M.~J. and {Hale}, C.~L. and {Harrison}, I. and {Hatfield}, P.~W. and {Klockner}, H.~R. and {Kolwa}, S. and {Malefahlo}, E. and {Marubini}, T. and {Mauch}, T. and {Moodley}, K. and {Morganti}, R. and {Norris}, R.~P. and {Peters}, J.~A. and {Prandoni}, I. and {Prescott}, M. and {Oliver}, S. and {Oozeer}, N. and {Rottgering}, H.~J.~A. and {Seymour}, N. and {Simpson}, C. and {Smirnov}, O. and {Smith}, D.~J.~B.},
	Booktitle = {MeerKAT Science: On the Pathway to the SKA},
	Date-Added = {2021-06-24 09:13:13 -0400},
	Date-Modified = {2021-06-24 09:13:13 -0400},
	Eid = {6},
	Eprint = {1709.01901},
	Keywords = {Astrophysics - Astrophysics of Galaxies, Astrophysics - Cosmology and Nongalactic Astrophysics},
	Month = jan,
	Pages = {6},
	Primaryclass = {astro-ph.GA},
	Title = {{The MeerKAT International GHz Tiered Extragalactic Exploration (MIGHTEE) Survey}},
	Year = 2016}

@article{Fletcher2011,
	Adsnote = {Provided by the SAO/NASA Astrophysics Data System},
	Adsurl = {https://ui.adsabs.harvard.edu/abs/2011MNRAS.412.2396F},
	Archiveprefix = {arXiv},
	Author = {{Fletcher}, A. and {Beck}, R. and {Shukurov}, A. and {Berkhuijsen}, E.~M. and {Horellou}, C.},
	Date-Added = {2021-06-23 13:40:26 -0400},
	Date-Modified = {2021-06-23 13:40:26 -0400},
	Doi = {10.1111/j.1365-2966.2010.18065.x},
	Eprint = {1001.5230},
	Journal = {\mnras},
	Keywords = {galaxies: individual: M51, galaxies: ISM, galaxies: magnetic fields, galaxies: spiral, Astrophysics - Cosmology and Nongalactic Astrophysics},
	Month = apr,
	Number = {4},
	Pages = {2396-2416},
	Primaryclass = {astro-ph.CO},
	Title = {{Magnetic fields and spiral arms in the galaxy M51}},
	Volume = {412},
	Year = 2011,
	Bdsk-Url-1 = {https://doi.org/10.1111/j.1365-2966.2010.18065.x}}

@article{Cooper1962,
	Adsnote = {Provided by the SAO/NASA Astrophysics Data System},
	Adsurl = {https://ui.adsabs.harvard.edu/abs/1962Natur.195.1084C},
	Author = {{Cooper}, B.~F.~C. and {Price}, R.~M.},
	Date-Added = {2021-06-23 13:35:25 -0400},
	Date-Modified = {2021-06-23 13:35:25 -0400},
	Doi = {10.1038/1951084a0},
	Journal = {\nat},
	Month = sep,
	Number = {4846},
	Pages = {1084-1085},
	Title = {{Faraday Rotation Effects associated with the Radio Source Centaurus A}},
	Volume = {195},
	Year = 1962,
	Bdsk-Url-1 = {https://doi.org/10.1038/1951084a0}}

@inproceedings{TOPCAT,
	Adsnote = {Provided by the SAO/NASA Astrophysics Data System},
	Adsurl = {https://ui.adsabs.harvard.edu/abs/2005ASPC..347...29T},
	Author = {{Taylor}, M.~B.},
	Booktitle = {Astronomical Data Analysis Software and Systems XIV},
	Date-Added = {2021-06-22 16:46:55 -0400},
	Date-Modified = {2021-06-22 16:47:02 -0400},
	Editor = {{Shopbell}, P. and {Britton}, M. and {Ebert}, R.},
	Month = dec,
	Pages = {29},
	Series = {Astronomical Society of the Pacific Conference Series},
	Title = {{TOPCAT \& STIL: Starlink Table/VOTable Processing Software}},
	Volume = {347},
	Year = 2005}

@article{Chen2021,
	Adsnote = {Provided by the SAO/NASA Astrophysics Data System},
	Adsurl = {https://ui.adsabs.harvard.edu/abs/2021arXiv210601477C},
	Archiveprefix = {arXiv},
	Author = {{Chen}, Tracy X. and {Schmitz}, Marion and {Mazzarella}, Joseph M. and {Wu}, Xiuqin and {van Eyken}, Julian C. and {Accomazzi}, Alberto and {Akeson}, Rachel L. and {Allen}, Mark and {Beaton}, Rachael and {Berriman}, G. Bruce and {Boyle}, Andrew W. and {Brouty}, Marianne and {Chan}, Ben and {Christiansen}, Jessie L. and {Ciardi}, David R. and {Cook}, David and {D'Abrusco}, Raffaele and {Ebert}, Rick and {Frayer}, Cren and {Fulton}, Benjamin J. and {Gelino}, Christopher and {Helou}, George and {Henderson}, Calen B. and {Howell}, Justin and {Kim}, Joyce and {Landais}, Gilles and {Lo}, Tak and {Loup}, Cecile and {Madore}, Barry and {Monari}, Giacomo and {Muench}, August and {Oberto}, Anais and {Ocvirk}, Pierre and {Peek}, Joshua E.~G. and {Perret}, Emmanuelle and {Pevunova}, Olga and {Ramirez}, Solange V. and {Rebull}, Luisa and {Shemmer}, Ohad and {Smale}, Alan and {Tam}, Raymond and {Terek}, Scott and {Van Orsow}, Doug and {Vannier}, Patricia and {Wang}, Shin-Ywan},
	Date-Added = {2021-06-21 09:14:11 -0400},
	Date-Modified = {2021-06-21 09:14:11 -0400},
	Eid = {arXiv:2106.01477},
	Eprint = {2106.01477},
	Journal = {arXiv e-prints},
	Keywords = {Astrophysics - Instrumentation and Methods for Astrophysics},
	Month = jun,
	Pages = {arXiv:2106.01477},
	Primaryclass = {astro-ph.IM},
	Title = {{Best Practices for Data Publication in the Astronomical Literature}},
	Year = 2021}

@article{Shanahan2019,
	Adsnote = {Provided by the SAO/NASA Astrophysics Data System},
	Adsurl = {https://ui.adsabs.harvard.edu/abs/2019ApJ...887L...7S},
	Archiveprefix = {arXiv},
	Author = {{Shanahan}, R. and {Lemmer}, S.~J. and {Stil}, J.~M. and {Beuther}, H. and {Wang}, Y. and {Soler}, J. and {Anderson}, L.~D. and {Bigiel}, F. and {Glover}, S.~C.~O. and {Goldsmith}, P. and {Klessen}, R.~S. and {McClure-Griffiths}, N.~M. and {Reissl}, S. and {Rugel}, M. and {Smith}, R.~J.},
	Date-Added = {2021-05-10 17:35:18 -0400},
	Date-Modified = {2021-05-10 17:35:18 -0400},
	Doi = {10.3847/2041-8213/ab58d4},
	Eid = {L7},
	Eprint = {1911.08536},
	Journal = {\apjl},
	Keywords = {Galaxy magnetic fields, Polarimetry, Interstellar medium, Spiral arms, Transient sources, H II regions, Radio pulsars, 604, 1278, 847, 1559, 1851, 694, 1353, Astrophysics - Astrophysics of Galaxies},
	Month = dec,
	Number = {1},
	Pages = {L7},
	Primaryclass = {astro-ph.GA},
	Title = {{Strong Excess Faraday Rotation on the Inside of the Sagittarius Spiral Arm}},
	Volume = {887},
	Year = 2019,
	Bdsk-Url-1 = {https://doi.org/10.3847/2041-8213/ab58d4}}

@article{Anderson2016,
	Adsnote = {Provided by the SAO/NASA Astrophysics Data System},
	Adsurl = {https://ui.adsabs.harvard.edu/abs/2016ApJ...825...59A},
	Archiveprefix = {arXiv},
	Author = {{Anderson}, C.~S. and {Gaensler}, B.~M. and {Feain}, I.~J.},
	Date-Added = {2021-05-07 16:10:06 -0400},
	Date-Modified = {2021-05-07 16:10:06 -0400},
	Doi = {10.3847/0004-637X/825/1/59},
	Eid = {59},
	Eprint = {1604.01403},
	Journal = {\apj},
	Keywords = {galaxies: active, galaxies: jets, galaxies: magnetic fields, polarization, Sun: magnetic fields, techniques: polarimetric, Astrophysics - High Energy Astrophysical Phenomena},
	Month = jul,
	Number = {1},
	Pages = {59},
	Primaryclass = {astro-ph.HE},
	Title = {{A Study of Broadband Faraday Rotation and Polarization Behavior over 1.3--10 GHz in 36 Discrete Radio Sources}},
	Volume = {825},
	Year = 2016,
	Bdsk-Url-1 = {https://doi.org/10.3847/0004-637X/825/1/59}}

@book{IAU-polangle,
	Adsnote = {Provided by the SAO/NASA Astrophysics Data System},
	Adsurl = {https://ui.adsabs.harvard.edu/abs/1974tiau.book.....C},
	Author = {{Contopoulos}, G. and {Jappel}, A.},
	Date-Added = {2021-05-06 16:14:13 -0400},
	Date-Modified = {2021-05-06 16:14:19 -0400},
	Title = {{Transactions of the International Astronomical Union, Volume\_XVB: Proceedings of the Fifteenth General Assembly, Sydney 1973 and Extraordinary Assembly, Poland 1973.}},
	Year = 1974}

@article{OSullivan2012,
	Adsnote = {Provided by the SAO/NASA Astrophysics Data System},
	Adsurl = {https://ui.adsabs.harvard.edu/abs/2012MNRAS.421.3300O},
	Archiveprefix = {arXiv},
	Author = {{O'Sullivan}, S.~P. and {Brown}, S. and {Robishaw}, T. and {Schnitzeler}, D.~H.~F.~M. and {McClure-Griffiths}, N.~M. and {Feain}, I.~J. and {Taylor}, A.~R. and {Gaensler}, B.~M. and {Landecker}, T.~L. and {Harvey-Smith}, L. and {Carretti}, E.},
	Date-Added = {2021-05-06 15:30:35 -0400},
	Date-Modified = {2021-05-06 15:30:35 -0400},
	Doi = {10.1111/j.1365-2966.2012.20554.x},
	Eprint = {1201.3161},
	Journal = {\mnras},
	Keywords = {techniques: polarimetric, galaxies: magnetic fields, radio continuum: galaxies, Astrophysics - Cosmology and Nongalactic Astrophysics},
	Month = apr,
	Number = {4},
	Pages = {3300-3315},
	Primaryclass = {astro-ph.CO},
	Title = {{Complex Faraday depth structure of active galactic nuclei as revealed by broad-band radio polarimetry}},
	Volume = {421},
	Year = 2012,
	Bdsk-Url-1 = {https://doi.org/10.1111/j.1365-2966.2012.20554.x}}

@article{Ma2020,
	Adsnote = {Provided by the SAO/NASA Astrophysics Data System},
	Adsurl = {https://ui.adsabs.harvard.edu/abs/2020MNRAS.497.3097M},
	Archiveprefix = {arXiv},
	Author = {{Ma}, Y.~K. and {Mao}, S.~A. and {Ordog}, A. and {Brown}, J.~C.},
	Date-Added = {2021-03-02 13:56:28 -0500},
	Date-Modified = {2021-03-02 13:56:28 -0500},
	Doi = {10.1093/mnras/staa2105},
	Eprint = {2007.07893},
	Journal = {\mnras},
	Keywords = {ISM: magnetic fields, Galaxy: structure, Astrophysics - Astrophysics of Galaxies},
	Month = sep,
	Number = {3},
	Pages = {3097-3117},
	Primaryclass = {astro-ph.GA},
	Title = {{The complex large-scale magnetic fields in the first Galactic quadrant as revealed by the Faraday depth profile disparity}},
	Volume = {497},
	Year = 2020,
	Bdsk-Url-1 = {https://doi.org/10.1093/mnras/staa2105}}

@article{Riseley2020,
	Adsnote = {Provided by the SAO/NASA Astrophysics Data System},
	Adsurl = {https://ui.adsabs.harvard.edu/abs/2020PASA...37...29R},
	Archiveprefix = {arXiv},
	Author = {{Riseley}, C.~J. and {Galvin}, T.~J. and {Sobey}, C. and {Vernstrom}, T. and {White}, S.~V. and {Zhang}, X. and {Gaensler}, B.~M. and {Heald}, G. and {Anderson}, C.~S. and {Franzen}, T.~M.~O. and {Hancock}, P.~J. and {Hurley-Walker}, N. and {Lenc}, E. and {Van Eck}, C.~L.},
	Date-Added = {2021-03-02 13:55:44 -0500},
	Date-Modified = {2021-03-02 13:55:44 -0500},
	Doi = {10.1017/pasa.2020.20},
	Eid = {e029},
	Eprint = {2005.09266},
	Journal = {\pasa},
	Keywords = {polarisation, surveys, radio continuum: general, galaxies: active, pulsars, Astrophysics - Astrophysics of Galaxies, Astrophysics - Cosmology and Nongalactic Astrophysics},
	Month = jul,
	Pages = {e029},
	Primaryclass = {astro-ph.GA},
	Title = {{The POlarised GLEAM Survey (POGS) II: Results from an all-sky rotation measure synthesis survey at long wavelengths}},
	Volume = {37},
	Year = 2020,
	Bdsk-Url-1 = {https://doi.org/10.1017/pasa.2020.20}}

@article{Cotton1995,
	Adsnote = {Provided by the SAO/NASA Astrophysics Data System},
	Adsurl = {https://ui.adsabs.harvard.edu/abs/1995A&AS..113..159C},
	Author = {{Cotton}, W.~D. and {Tody}, D. and {Pence}, W.~D.},
	Date-Added = {2021-02-19 13:35:04 -0500},
	Date-Modified = {2021-02-19 13:35:04 -0500},
	Journal = {\aaps},
	Keywords = {TECHNIQUES: MISCELLANEOUS, IMAGE PROCESSING},
	Month = oct,
	Pages = {159},
	Title = {{Binary table extension to FITS.}},
	Volume = {113},
	Year = 1995}

@article{Tahani2018,
	Adsnote = {Provided by the SAO/NASA Astrophysics Data System},
	Adsurl = {https://ui.adsabs.harvard.edu/abs/2018A&A...614A.100T},
	Archiveprefix = {arXiv},
	Author = {{Tahani}, M. and {Plume}, R. and {Brown}, J.~C. and {Kainulainen}, J.},
	Date-Added = {2021-02-10 14:16:16 -0500},
	Date-Modified = {2021-02-10 14:16:16 -0500},
	Doi = {10.1051/0004-6361/201732219},
	Eid = {A100},
	Eprint = {1802.07831},
	Journal = {\aap},
	Keywords = {methods: observational, ISM: magnetic fields, stars: formation, magnetic fields, Astrophysics - Astrophysics of Galaxies},
	Month = jun,
	Pages = {A100},
	Primaryclass = {astro-ph.GA},
	Title = {{Helical magnetic fields in molecular clouds?. A new method to determine the line-of-sight magnetic field structure in molecular clouds}},
	Volume = {614},
	Year = 2018,
	Bdsk-Url-1 = {https://doi.org/10.1051/0004-6361/201732219}}

@article{Rudnick1983,
	Adsnote = {Provided by the SAO/NASA Astrophysics Data System},
	Adsurl = {https://ui.adsabs.harvard.edu/abs/1983AJ.....88..518R},
	Author = {{Rudnick}, L. and {Jones}, T.~W.},
	Date-Added = {2021-02-10 14:15:01 -0500},
	Date-Modified = {2021-02-10 14:15:01 -0500},
	Doi = {10.1086/113337},
	Journal = {\aj},
	Keywords = {Extragalactic Radio Sources, Faraday Effect, Polarized Electromagnetic Radiation, Bl Lacertae Objects, Centimeter Waves, Histograms, Very Large Array (Vla), Astronomy},
	Month = apr,
	Pages = {518-526},
	Title = {{Rotation measures for compact variable radio sources.}},
	Volume = {88},
	Year = 1983,
	Bdsk-Url-1 = {https://doi.org/10.1086/113337}}

@article{Farrar16,
	Adsnote = {Provided by the SAO/NASA Astrophysics Data System},
	Adsurl = {http://adsabs.harvard.edu/abs/2016IAUFM..29B.723F},
	Archiveprefix = {arXiv},
	Author = {{Farrar}, G.~R.},
	Date-Added = {2021-02-10 14:07:52 -0500},
	Date-Modified = {2021-02-10 14:07:52 -0500},
	Doi = {10.1017/S1743921316006530},
	Eprint = {1512.00051},
	Journal = {IAU Focus Meeting},
	Keywords = {ISM: magnetic fields, cosmic rays, Galaxy: halo, diffusion,},
	Pages = {723-726},
	Title = {{The Galactic magnetic field and its lensing of ultrahigh energy and Galactic cosmic rays}},
	Volume = 29,
	Year = 2016,
	Bdsk-Url-1 = {http://dx.doi.org/10.1017/S1743921316006530}}

@article{Heesen2018,
	Adsnote = {Provided by the SAO/NASA Astrophysics Data System},
	Adsurl = {https://ui.adsabs.harvard.edu/abs/2018MNRAS.476..158H},
	Archiveprefix = {arXiv},
	Author = {{Heesen}, V. and {Krause}, M. and {Beck}, R. and {Adebahr}, B. and {Bomans}, D.~J. and {Carretti}, E. and {Dumke}, M. and {Heald}, G. and {Irwin}, J. and {Koribalski}, B.~S. and {Mulcahy}, D.~D. and {Westmeier}, T. and {Dettmar}, R. -J.},
	Date-Added = {2021-02-10 14:03:53 -0500},
	Date-Modified = {2021-02-10 14:03:53 -0500},
	Doi = {10.1093/mnras/sty105},
	Eprint = {1801.05211},
	Journal = {\mnras},
	Keywords = {radiation mechanisms: non-thermal, methods: numerical, cosmic rays, galaxies: haloes, galaxies: magnetic fields, radio continuum: galaxies, Astrophysics - Astrophysics of Galaxies},
	Month = may,
	Number = {1},
	Pages = {158-183},
	Primaryclass = {astro-ph.GA},
	Title = {{Radio haloes in nearby galaxies modelled with 1D cosmic ray transport using SPINNAKER}},
	Volume = {476},
	Year = 2018,
	Bdsk-Url-1 = {https://doi.org/10.1093/mnras/sty105}}

@article{Burn66,
	Adsnote = {Provided by the SAO/NASA Astrophysics Data System},
	Adsurl = {https://ui.adsabs.harvard.edu/abs/1966MNRAS.133...67B},
	Author = {{Burn}, B.~J.},
	Date-Added = {2020-11-05 15:39:58 -0500},
	Date-Modified = {2020-11-05 15:40:08 -0500},
	Doi = {10.1093/mnras/133.1.67},
	Journal = {\mnras},
	Month = jan,
	Pages = {67},
	Title = {{On the depolarization of discrete radio sources by Faraday dispersion}},
	Volume = {133},
	Year = 1966,
	Bdsk-Url-1 = {https://doi.org/10.1093/mnras/133.1.67}}

@article{Ma2019,
	Adsnote = {Provided by the SAO/NASA Astrophysics Data System},
	Adsurl = {https://ui.adsabs.harvard.edu/abs/2019MNRAS.487.3432M},
	Archiveprefix = {arXiv},
	Author = {{Ma}, Yik Ki and {Mao}, S.~A. and {Stil}, Jeroen and {Basu}, Aritra and {West}, Jennifer and {Heiles}, Carl and {Hill}, Alex S. and {Betti}, S.~K.},
	Date-Added = {2020-11-05 15:38:25 -0500},
	Date-Modified = {2020-11-05 15:38:25 -0500},
	Doi = {10.1093/mnras/stz1325},
	Eprint = {1905.04313},
	Journal = {\mnras},
	Keywords = {ISM: magnetic fields, galaxies: active, galaxies: magnetic fields, radio continuum: galaxies, Astrophysics - Astrophysics of Galaxies},
	Month = aug,
	Number = {3},
	Pages = {3432-3453},
	Primaryclass = {astro-ph.GA},
	Title = {{A broad-band spectro-polarimetric view of the NVSS rotation measure catalogue - I. Breaking the n{\ensuremath{\pi}}-ambiguity}},
	Volume = {487},
	Year = 2019,
	Bdsk-Url-1 = {https://doi.org/10.1093/mnras/stz1325}}

@article{Clarke2001,
	Adsnote = {Provided by the SAO/NASA Astrophysics Data System},
	Adsurl = {https://ui.adsabs.harvard.edu/abs/2001ApJ...547L.111C},
	Archiveprefix = {arXiv},
	Author = {{Clarke}, T.~E. and {Kronberg}, P.~P. and {B{\"o}hringer}, Hans},
	Date-Added = {2020-11-05 15:37:48 -0500},
	Date-Modified = {2020-11-05 15:37:48 -0500},
	Doi = {10.1086/318896},
	Eprint = {astro-ph/0011281},
	Journal = {\apjl},
	Keywords = {Galaxies: Clusters: General, Magnetic Fields, Polarization, Radio Continuum: Galaxies, X-Rays: General, Astrophysics},
	Month = feb,
	Number = {2},
	Pages = {L111-L114},
	Primaryclass = {astro-ph},
	Title = {{A New Radio-X-Ray Probe of Galaxy Cluster Magnetic Fields}},
	Volume = {547},
	Year = 2001,
	Bdsk-Url-1 = {https://doi.org/10.1086/318896}}

@article{Gaensler2001,
	Adsnote = {Provided by the SAO/NASA Astrophysics Data System},
	Adsurl = {https://ui.adsabs.harvard.edu/abs/2001ApJ...549..959G},
	Archiveprefix = {arXiv},
	Author = {{Gaensler}, B.~M. and {Dickey}, John M. and {McClure-Griffiths}, N.~M. and {Green}, A.~J. and {Wieringa}, M.~H. and {Haynes}, R.~F.},
	Date-Added = {2020-11-05 15:36:59 -0500},
	Date-Modified = {2020-11-05 15:36:59 -0500},
	Doi = {10.1086/319468},
	Eprint = {astro-ph/0010518},
	Journal = {\apj},
	Keywords = {ISM: H II Regions, ISM: Magnetic Fields, Polarization, Radio Continuum: General, Radio Continuum: ISM, Astrophysics},
	Month = mar,
	Number = {2},
	Pages = {959-978},
	Primaryclass = {astro-ph},
	Title = {{Radio Polarization from the Inner Galaxy at Arcminute Resolution}},
	Volume = {549},
	Year = 2001,
	Bdsk-Url-1 = {https://doi.org/10.1086/319468}}

@article{Minter1996,
	Adsnote = {Provided by the SAO/NASA Astrophysics Data System},
	Adsurl = {https://ui.adsabs.harvard.edu/abs/1996ApJ...458..194M},
	Author = {{Minter}, Anthony H. and {Spangler}, Steven R.},
	Date-Added = {2020-11-05 15:36:15 -0500},
	Date-Modified = {2020-11-05 15:36:15 -0500},
	Doi = {10.1086/176803},
	Journal = {\apj},
	Keywords = {ISM: GENERAL, ISM: MAGNETIC FIELDS, TURBULENCE},
	Month = feb,
	Pages = {194},
	Title = {{Observation of Turbulent Fluctuations in the Interstellar Plasma Density and Magnetic Field on Spatial Scales of 0.01 to 100 Parsecs}},
	Volume = {458},
	Year = 1996,
	Bdsk-Url-1 = {https://doi.org/10.1086/176803}}

@article{Oren1995,
	Adsnote = {Provided by the SAO/NASA Astrophysics Data System},
	Adsurl = {https://ui.adsabs.harvard.edu/abs/1995ApJ...445..624O},
	Author = {{Oren}, Abraham L. and {Wolfe}, Arthur M.},
	Date-Added = {2020-11-05 15:32:25 -0500},
	Date-Modified = {2020-11-05 15:32:25 -0500},
	Doi = {10.1086/175726},
	Journal = {\apj},
	Keywords = {Absorption Spectra, Damping, Faraday Effect, Galactic Evolution, Lyman Alpha Radiation, Magnetic Fields, Quasars, Data Reduction, Galactic Rotation, Polarized Radiation, Red Shift, Very Large Array (Vla), Astrophysics, GALAXIES: EVOLUTION, GALAXIES: MAGNETIC FIELDS, GALAXIES: QUASARS: ABSORPTION LINES, ISM: MAGNETIC FIELDS, POLARIZATION},
	Month = jun,
	Pages = {624},
	Title = {{A Faraday Rotation Search for Magnetic Fields in Quasar-damped LY alpha Absorption Systems}},
	Volume = {445},
	Year = 1995,
	Bdsk-Url-1 = {https://doi.org/10.1086/175726}}

@article{Broten1988,
	Adsnote = {Provided by the SAO/NASA Astrophysics Data System},
	Adsurl = {https://ui.adsabs.harvard.edu/abs/1988Ap&SS.141..303B},
	Author = {{Broten}, N.~W. and {MacLeod}, J.~M. and {Vallee}, J.~P.},
	Date-Added = {2020-11-05 15:31:47 -0500},
	Date-Modified = {2020-11-05 15:31:47 -0500},
	Doi = {10.1007/BF00639497},
	Journal = {\apss},
	Keywords = {Astronomical Catalogs, Astronomical Spectroscopy, Galactic Rotation, Milky Way Galaxy, Quasars, Faraday Effect, Linear Polarization, Tables (Data), Astronomy},
	Month = feb,
	Number = {2},
	Pages = {303-331},
	Title = {{Catalogue of unambiguous (Faraday-thin, one-component, spectrum-selected) rotation measures for galaxies and quasars}},
	Volume = {141},
	Year = 1988,
	Bdsk-Url-1 = {https://doi.org/10.1007/BF00639497}}

@article{Clegg1992,
	Adsnote = {Provided by the SAO/NASA Astrophysics Data System},
	Adsurl = {https://ui.adsabs.harvard.edu/abs/1992ApJ...386..143C},
	Author = {{Clegg}, Andrew W. and {Cordes}, James M. and {Simonetti}, John M. and {Kulkarni}, Shrinivas R.},
	Date-Added = {2020-11-05 15:31:05 -0500},
	Date-Modified = {2020-11-05 15:31:05 -0500},
	Doi = {10.1086/171000},
	Journal = {\apj},
	Keywords = {Extragalactic Radio Sources, Faraday Effect, Interstellar Magnetic Fields, Magnetoionics, Pulsars, Astronomical Models, Galactic Rotation, Milky Way Galaxy, Astrophysics, GALAXY: GENERAL, ISM: MAGNETIC FIELDS, POLARIZATION, RADIO CONTINUUM: GALAXIES},
	Month = feb,
	Pages = {143},
	Title = {{Rotation Measures of Low-Latitude Extragalactic Sources and the Magnetoionic Structure of the Galaxy}},
	Volume = {386},
	Year = 1992,
	Bdsk-Url-1 = {https://doi.org/10.1086/171000}}

@article{Law2011,
	Adsnote = {Provided by the SAO/NASA Astrophysics Data System},
	Adsurl = {https://ui.adsabs.harvard.edu/abs/2011ApJ...728...57L},
	Archiveprefix = {arXiv},
	Author = {{Law}, C.~J. and {Gaensler}, B.~M. and {Bower}, G.~C. and {Backer}, D.~C. and {Bauermeister}, A. and {Croft}, S. and {Forster}, R. and {Gutierrez-Kraybill}, C. and {Harvey-Smith}, L. and {Heiles}, C. and {Hull}, C. and {Keating}, G. and {MacMahon}, D. and {Whysong}, D. and {Williams}, P.~K.~G. and {Wright}, M.},
	Date-Added = {2020-11-05 15:29:26 -0500},
	Date-Modified = {2020-11-05 15:29:26 -0500},
	Doi = {10.1088/0004-637X/728/1/57},
	Eid = {57},
	Eprint = {1012.0945},
	Journal = {\apj},
	Keywords = {galaxies: magnetic fields, radio continuum: galaxies, surveys, techniques: polarimetric, Astrophysics - Cosmology and Nongalactic Astrophysics},
	Month = feb,
	Number = {1},
	Pages = {57},
	Primaryclass = {astro-ph.CO},
	Title = {{Spectropolarimetry with the Allen Telescope Array: Faraday Rotation Toward Bright Polarized Radio Galaxies}},
	Volume = {728},
	Year = 2011,
	Bdsk-Url-1 = {https://doi.org/10.1088/0004-637X/728/1/57}}

@article{Vernstrom2018,
	Adsnote = {Provided by the SAO/NASA Astrophysics Data System},
	Adsurl = {https://ui.adsabs.harvard.edu/abs/2018MNRAS.475.1736V},
	Archiveprefix = {arXiv},
	Author = {{Vernstrom}, T. and {Gaensler}, B.~M. and {Vacca}, V. and {Farnes}, J.~S. and {Haverkorn}, M. and {O'Sullivan}, S.~P.},
	Date-Added = {2020-11-05 15:28:49 -0500},
	Date-Modified = {2020-11-05 15:28:49 -0500},
	Doi = {10.1093/mnras/stx3191},
	Eprint = {1712.01909},
	Journal = {\mnras},
	Keywords = {methods: statistical, galaxies: high-redshift, galaxies: magnetic fields, radio continuum: galaxies, Astrophysics - Astrophysics of Galaxies},
	Month = apr,
	Number = {2},
	Pages = {1736-1755},
	Primaryclass = {astro-ph.GA},
	Title = {{Radio polarization properties of quasars and active galaxies at high redshifts}},
	Volume = {475},
	Year = 2018,
	Bdsk-Url-1 = {https://doi.org/10.1093/mnras/stx3191}}

@article{Battye2011,
	Adsnote = {Provided by the SAO/NASA Astrophysics Data System},
	Adsurl = {https://ui.adsabs.harvard.edu/abs/2011MNRAS.413..132B},
	Archiveprefix = {arXiv},
	Author = {{Battye}, R.~A. and {Browne}, I.~W.~A. and {Peel}, M.~W. and {Jackson}, N.~J. and {Dickinson}, C.},
	Date-Added = {2020-11-05 15:28:06 -0500},
	Date-Modified = {2020-11-05 15:28:06 -0500},
	Doi = {10.1111/j.1365-2966.2010.18115.x},
	Eprint = {1003.5846},
	Journal = {\mnras},
	Keywords = {polarization, catalogues, galaxies: general, radio continuum: galaxies, cosmic microwave background, Astrophysics - Cosmology and Nongalactic Astrophysics},
	Month = may,
	Number = {1},
	Pages = {132-148},
	Primaryclass = {astro-ph.CO},
	Title = {{Statistical properties of polarized radio sources at high frequency and their impact on cosmic microwave background polarization measurements}},
	Volume = {413},
	Year = 2011,
	Bdsk-Url-1 = {https://doi.org/10.1111/j.1365-2966.2010.18115.x}}

@article{Kim2016,
	Adsnote = {Provided by the SAO/NASA Astrophysics Data System},
	Adsurl = {https://ui.adsabs.harvard.edu/abs/2016ApJ...829..133K},
	Archiveprefix = {arXiv},
	Author = {{Kim}, Kwang Seong and {Lilly}, Simon J. and {Miniati}, Francesco and {Bernet}, Martin L. and {Beck}, Rainer and {O'Sullivan}, Shane P. and {Gaensler}, Bryan M.},
	Date-Added = {2020-11-05 15:27:25 -0500},
	Date-Modified = {2020-11-05 15:27:25 -0500},
	Doi = {10.3847/0004-637X/829/2/133},
	Eid = {133},
	Eprint = {1604.00028},
	Journal = {\apj},
	Keywords = {galaxies: magnetic fields, quasars: absorption lines, radio continuum: galaxies, techniques: polarimetric, Astrophysics - Astrophysics of Galaxies},
	Month = oct,
	Number = {2},
	Pages = {133},
	Primaryclass = {astro-ph.GA},
	Title = {{Faraday Rotation Measure Synthesis of Intermediate Redshift Quasars as a Probe of Intervening Matter}},
	Volume = {829},
	Year = 2016,
	Bdsk-Url-1 = {https://doi.org/10.3847/0004-637X/829/2/133}}

@article{Tabara1980,
	Adsnote = {Provided by the SAO/NASA Astrophysics Data System},
	Adsurl = {https://ui.adsabs.harvard.edu/abs/1980A&AS...39..379T},
	Author = {{Tabara}, H. and {Inoue}, M.},
	Date-Added = {2020-11-05 15:26:06 -0500},
	Date-Modified = {2020-11-05 15:26:06 -0500},
	Journal = {\aaps},
	Keywords = {Astronomical Catalogs, Linear Polarization, Polarization Characteristics, Radio Sources (Astronomy), Tables (Data), Optical Properties, Polarized Radiation, Rotation, Astronomy},
	Month = mar,
	Pages = {379-393},
	Title = {{A catalogue of linear polarization of radio sources.}},
	Volume = {39},
	Year = 1980}

@article{Mao2008,
	Adsnote = {Provided by the SAO/NASA Astrophysics Data System},
	Adsurl = {https://ui.adsabs.harvard.edu/abs/2008ApJ...688.1029M},
	Archiveprefix = {arXiv},
	Author = {{Mao}, S.~A. and {Gaensler}, B.~M. and {Stanimirovi{\'c}}, S. and {Haverkorn}, M. and {McClure-Griffiths}, N.~M. and {Staveley-Smith}, L. and {Dickey}, J.~M.},
	Date-Added = {2020-11-05 15:06:27 -0500},
	Date-Modified = {2020-11-05 15:06:27 -0500},
	Doi = {10.1086/590546},
	Eprint = {0807.1532},
	Journal = {\apj},
	Keywords = {magnetic fields, polarization, Magellanic Clouds, Astrophysics},
	Month = dec,
	Number = {2},
	Pages = {1029-1049},
	Primaryclass = {astro-ph},
	Title = {{A Radio and Optical Polarization Study of the Magnetic Field in the Small Magellanic Cloud}},
	Volume = {688},
	Year = 2008,
	Bdsk-Url-1 = {https://doi.org/10.1086/590546}}

@article{Rossetti2008,
	Adsnote = {Provided by the SAO/NASA Astrophysics Data System},
	Adsurl = {https://ui.adsabs.harvard.edu/abs/2008A&A...487..865R},
	Author = {{Rossetti}, A. and {Dallacasa}, D. and {Fanti}, C. and {Fanti}, R. and {Mack}, K. -H.},
	Date-Added = {2020-11-05 15:05:42 -0500},
	Date-Modified = {2020-11-05 15:05:42 -0500},
	Doi = {10.1051/0004-6361:20079047},
	Journal = {\aap},
	Keywords = {polarization, radio continuum: galaxies, galaxies: quasars: general, ISM: magnetic fields},
	Month = sep,
	Number = {3},
	Pages = {865-883},
	Title = {{The B3-VLA CSS sample. VII. WSRT polarisation observations and the ambient Faraday medium properties revisited}},
	Volume = {487},
	Year = 2008,
	Bdsk-Url-1 = {https://doi.org/10.1051/0004-6361:20079047}}

@article{Roy2005,
	Adsnote = {Provided by the SAO/NASA Astrophysics Data System},
	Adsurl = {https://ui.adsabs.harvard.edu/abs/2005MNRAS.360.1305R},
	Archiveprefix = {arXiv},
	Author = {{Roy}, Subhashis and {Rao}, A. Pramesh and {Subrahmanyan}, Ravi},
	Date-Added = {2020-11-05 15:05:02 -0500},
	Date-Modified = {2020-11-05 15:05:02 -0500},
	Doi = {10.1111/j.1365-2966.2005.09107.x},
	Eprint = {0712.0258},
	Journal = {\mnras},
	Keywords = {techniques: polarimetric, HII regions, Galaxy: centre, radio continuum: ISM, Astrophysics},
	Month = jul,
	Number = {4},
	Pages = {1305-1324},
	Primaryclass = {astro-ph},
	Title = {{Extragalactic sources towards the central region of the Galaxy}},
	Volume = {360},
	Year = 2005,
	Bdsk-Url-1 = {https://doi.org/10.1111/j.1365-2966.2005.09107.x}}

@article{Kaczmarek2017,
	Adsnote = {Provided by the SAO/NASA Astrophysics Data System},
	Adsurl = {https://ui.adsabs.harvard.edu/abs/2017MNRAS.467.1776K},
	Archiveprefix = {arXiv},
	Author = {{Kaczmarek}, J.~F. and {Purcell}, C.~R. and {Gaensler}, B.~M. and {McClure-Griffiths}, N.~M. and {Stevens}, J.},
	Date-Added = {2020-11-05 15:01:49 -0500},
	Date-Modified = {2020-11-05 15:01:49 -0500},
	Doi = {10.1093/mnras/stx206},
	Eprint = {1701.05962},
	Journal = {\mnras},
	Keywords = {galaxies: Magellanic Clouds, galaxies: magnetic fields, polarization, Magellanic Clouds, Astrophysics - Astrophysics of Galaxies},
	Month = may,
	Number = {2},
	Pages = {1776-1794},
	Primaryclass = {astro-ph.GA},
	Title = {{Detection of a Coherent Magnetic Field in the Magellanic Bridge through Faraday Rotation}},
	Volume = {467},
	Year = 2017,
	Bdsk-Url-1 = {https://doi.org/10.1093/mnras/stx206}}

@article{Mao2012LMC,
	Adsnote = {Provided by the SAO/NASA Astrophysics Data System},
	Adsurl = {https://ui.adsabs.harvard.edu/abs/2012ApJ...759...25M},
	Archiveprefix = {arXiv},
	Author = {{Mao}, S.~A. and {McClure-Griffiths}, N.~M. and {Gaensler}, B.~M. and {Haverkorn}, M. and {Beck}, R. and {McConnell}, D. and {Wolleben}, M. and {Stanimirovi{\'c}}, S. and {Dickey}, J.~M. and {Staveley-Smith}, L.},
	Date-Added = {2020-11-05 14:58:21 -0500},
	Date-Modified = {2020-11-05 14:58:34 -0500},
	Doi = {10.1088/0004-637X/759/1/25},
	Eid = {25},
	Eprint = {1209.1115},
	Journal = {\apj},
	Keywords = {Magellanic Clouds, magnetic fields, polarization, Astrophysics - Astrophysics of Galaxies},
	Month = nov,
	Number = {1},
	Pages = {25},
	Primaryclass = {astro-ph.GA},
	Title = {{Magnetic Field Structure of the Large Magellanic Cloud from Faraday Rotation Measures of Diffuse Polarized Emission}},
	Volume = {759},
	Year = 2012,
	Bdsk-Url-1 = {https://doi.org/10.1088/0004-637X/759/1/25}}

@article{Simard-Normandin1981,
	Adsnote = {Provided by the SAO/NASA Astrophysics Data System},
	Adsurl = {https://ui.adsabs.harvard.edu/abs/1981ApJS...45...97S},
	Author = {{Simard-Normandin}, M. and {Kronberg}, P.~P. and {Button}, S.},
	Date-Added = {2020-11-05 14:56:01 -0500},
	Date-Modified = {2020-11-05 14:56:01 -0500},
	Doi = {10.1086/190709},
	Journal = {\apjs},
	Keywords = {Extragalactic Radio Sources, Faraday Effect, Interstellar Matter, Linear Polarization, Centimeter Waves, Data Reduction, Radio Astronomy, Tables (Data), Astrophysics},
	Month = jan,
	Pages = {97-111},
	Title = {{The Faraday rotation measures of extragalactic radio sources.}},
	Volume = {45},
	Year = 1981,
	Bdsk-Url-1 = {https://doi.org/10.1086/190709}}

@article{Feain2009,
	Adsnote = {Provided by the SAO/NASA Astrophysics Data System},
	Adsurl = {https://ui.adsabs.harvard.edu/abs/2009ApJ...707..114F},
	Archiveprefix = {arXiv},
	Author = {{Feain}, I.~J. and {Ekers}, R.~D. and {Murphy}, T. and {Gaensler}, B.~M. and {Macquart}, J. -P. and {Norris}, R.~P. and {Cornwell}, T.~J. and {Johnston-Hollitt}, M. and {Ott}, J. and {Middelberg}, E.},
	Date-Added = {2020-11-05 14:54:38 -0500},
	Date-Modified = {2020-11-05 14:54:38 -0500},
	Doi = {10.1088/0004-637X/707/1/114},
	Eprint = {0910.3458},
	Journal = {\apj},
	Keywords = {galaxies: individual: Centaurus A NGC 5128, techniques: interferometric, techniques: polarimetric, Astrophysics - Cosmology and Nongalactic Astrophysics},
	Month = dec,
	Number = {1},
	Pages = {114-125},
	Primaryclass = {astro-ph.CO},
	Title = {{Faraday Rotation Structure on Kiloparsec Scales in the Radio Lobes of Centaurus A}},
	Volume = {707},
	Year = 2009,
	Bdsk-Url-1 = {https://doi.org/10.1088/0004-637X/707/1/114}}

@article{Anderson2015,
	Adsnote = {Provided by the SAO/NASA Astrophysics Data System},
	Adsurl = {https://ui.adsabs.harvard.edu/abs/2015ApJ...815...49A},
	Archiveprefix = {arXiv},
	Author = {{Anderson}, C.~S. and {Gaensler}, B.~M. and {Feain}, I.~J. and {Franzen}, T.~M.~O.},
	Date-Added = {2020-11-05 14:51:16 -0500},
	Date-Modified = {2020-11-05 14:51:16 -0500},
	Doi = {10.1088/0004-637X/815/1/49},
	Eid = {49},
	Eprint = {1511.04080},
	Journal = {\apj},
	Keywords = {galaxies: active, ISM: magnetic fields, magnetic fields, radio continuum: galaxies, techniques: polarimetric, Astrophysics - Astrophysics of Galaxies, Astrophysics - High Energy Astrophysical Phenomena},
	Month = dec,
	Number = {1},
	Pages = {49},
	Primaryclass = {astro-ph.GA},
	Title = {{Broadband Radio Polarimetry and Faraday Rotation of 563 Extragalactic Radio Sources}},
	Volume = {815},
	Year = 2015,
	Bdsk-Url-1 = {https://doi.org/10.1088/0004-637X/815/1/49}}

@article{Costa2016,
	Adsnote = {Provided by the SAO/NASA Astrophysics Data System},
	Adsurl = {https://ui.adsabs.harvard.edu/abs/2016ApJ...821...92C},
	Archiveprefix = {arXiv},
	Author = {{Costa}, Allison H. and {Spangler}, Steven R. and {Sink}, Joseph R. and {Brown}, Shea and {Mao}, Sui Ann},
	Date-Added = {2020-11-05 14:48:52 -0500},
	Date-Modified = {2020-11-05 14:48:52 -0500},
	Doi = {10.3847/0004-637X/821/2/92},
	Eid = {92},
	Eprint = {1510.04664},
	Journal = {\apj},
	Keywords = {H II regions, ISM: bubbles, ISM: magnetic fields, plasmas, Astrophysics - Solar and Stellar Astrophysics},
	Month = apr,
	Number = {2},
	Pages = {92},
	Primaryclass = {astro-ph.SR},
	Title = {{Denser Sampling of the Rosette Nebula with Faraday Rotation Measurements: Improved Estimates of Magnetic Fields in H II Regions}},
	Volume = {821},
	Year = 2016,
	Bdsk-Url-1 = {https://doi.org/10.3847/0004-637X/821/2/92}}

@article{Costa2018,
	Adsnote = {Provided by the SAO/NASA Astrophysics Data System},
	Adsurl = {https://ui.adsabs.harvard.edu/abs/2018ApJ...865...65C},
	Archiveprefix = {arXiv},
	Author = {{Costa}, Allison H. and {Spangler}, Steven R.},
	Date-Added = {2020-11-05 14:47:51 -0500},
	Date-Modified = {2020-11-05 14:47:51 -0500},
	Doi = {10.3847/1538-4357/aada06},
	Eid = {65},
	Eprint = {1803.02878},
	Journal = {\apj},
	Keywords = {H ii regions, ISM: bubbles, ISM: magnetic fields, plasmas, Astrophysics - Astrophysics of Galaxies},
	Month = sep,
	Number = {1},
	Pages = {65},
	Primaryclass = {astro-ph.GA},
	Title = {{A Faraday Rotation Study of the Stellar Bubble and H II Region Associated with the W4 Complex}},
	Volume = {865},
	Year = 2018,
	Bdsk-Url-1 = {https://doi.org/10.3847/1538-4357/aada06}}

@article{Betti2019,
	Adsnote = {Provided by the SAO/NASA Astrophysics Data System},
	Adsurl = {https://ui.adsabs.harvard.edu/abs/2019ApJ...871..215B},
	Archiveprefix = {arXiv},
	Author = {{Betti}, S.~K. and {Hill}, Alex S. and {Mao}, S.~A. and {Gaensler}, B.~M. and {Lockman}, Felix J. and {McClure-Griffiths}, N.~M. and {Benjamin}, Robert A.},
	Date-Added = {2020-11-05 14:46:32 -0500},
	Date-Modified = {2020-11-05 14:46:32 -0500},
	Doi = {10.3847/1538-4357/aaf886},
	Eid = {215},
	Eprint = {1812.06133},
	Journal = {\apj},
	Keywords = {ISM: individual objects: Smith Cloud, ISM: magnetic fields, polarization, radio continuum: general, Astrophysics - Astrophysics of Galaxies},
	Month = feb,
	Number = {2},
	Pages = {215},
	Primaryclass = {astro-ph.GA},
	Title = {{Constraining the Magnetic Field of the Smith High-velocity Cloud Using Faraday Rotation}},
	Volume = {871},
	Year = 2019,
	Bdsk-Url-1 = {https://doi.org/10.3847/1538-4357/aaf886}}

@article{Schnitzeler2019,
	Adsnote = {Provided by the SAO/NASA Astrophysics Data System},
	Adsurl = {https://ui.adsabs.harvard.edu/abs/2019MNRAS.485.1293S},
	Archiveprefix = {arXiv},
	Author = {{Schnitzeler}, D.~H.~F.~M. and {Carretti}, E. and {Wieringa}, M.~H. and {Gaensler}, B.~M. and {Haverkorn}, M. and {Poppi}, S.},
	Date-Added = {2020-11-05 14:44:46 -0500},
	Date-Modified = {2020-11-05 14:44:46 -0500},
	Doi = {10.1093/mnras/stz092},
	Eprint = {1902.09556},
	Journal = {\mnras},
	Keywords = {ISM: magnetic fields, magnetic fields, polarization, surveys, Astrophysics - Astrophysics of Galaxies},
	Month = may,
	Number = {1},
	Pages = {1293-1309},
	Primaryclass = {astro-ph.GA},
	Title = {{S-PASS/ATCA: a window on the magnetic universe in the Southern hemisphere}},
	Volume = {485},
	Year = 2019,
	Bdsk-Url-1 = {https://doi.org/10.1093/mnras/stz092}}

@article{Riseley2018,
	Adsnote = {Provided by the SAO/NASA Astrophysics Data System},
	Adsurl = {https://ui.adsabs.harvard.edu/abs/2018PASA...35...43R},
	Archiveprefix = {arXiv},
	Author = {{Riseley}, C.~J. and {Lenc}, E. and {Van Eck}, C.~L. and {Heald}, G. and {Gaensler}, B.~M. and {Anderson}, C.~S. and {Hancock}, P.~J. and {Hurley-Walker}, N. and {Sridhar}, S.~S. and {White}, S.~V.},
	Date-Added = {2020-11-05 14:21:23 -0500},
	Date-Modified = {2020-11-05 14:21:23 -0500},
	Doi = {10.1017/pasa.2018.39},
	Eprint = {1809.09327},
	Journal = {\pasa},
	Keywords = {galaxies: active, polarization, radio continuum: general, surveys, Astrophysics - Astrophysics of Galaxies, Astrophysics - Cosmology and Nongalactic Astrophysics},
	Month = dec,
	Pages = {43},
	Primaryclass = {astro-ph.GA},
	Title = {{The POlarised GLEAM Survey (POGS) I: First results from a low-frequency radio linear polarisation survey of the southern sky}},
	Volume = {35},
	Year = 2018,
	Bdsk-Url-1 = {https://doi.org/10.1017/pasa.2018.39}}

@article{Oppermann2012,
	Adsnote = {Provided by the SAO/NASA Astrophysics Data System},
	Adsurl = {https://ui.adsabs.harvard.edu/abs/2012A&A...542A..93O},
	Archiveprefix = {arXiv},
	Author = {{Oppermann}, N. and {Junklewitz}, H. and {Robbers}, G. and {Bell}, M.~R. and {En{\ss}lin}, T.~A. and {Bonafede}, A. and {Braun}, R. and {Brown}, J.~C. and {Clarke}, T.~E. and {Feain}, I.~J. and {Gaensler}, B.~M. and {Hammond}, A. and {Harvey-Smith}, L. and {Heald}, G. and {Johnston-Hollitt}, M. and {Klein}, U. and {Kronberg}, P.~P. and {Mao}, S.~A. and {McClure-Griffiths}, N.~M. and {O'Sullivan}, S.~P. and {Pratley}, L. and {Robishaw}, T. and {Roy}, S. and {Schnitzeler}, D.~H.~F.~M. and {Sotomayor-Beltran}, C. and {Stevens}, J. and {Stil}, J.~M. and {Sunstrum}, C. and {Tanna}, A. and {Taylor}, A.~R. and {Van Eck}, C.~L.},
	Date-Added = {2020-10-14 15:40:30 -0400},
	Date-Modified = {2020-10-14 15:40:36 -0400},
	Doi = {10.1051/0004-6361/201118526},
	Eid = {A93},
	Eprint = {1111.6186},
	Journal = {\aap},
	Keywords = {galaxies: magnetic fields, Galaxy: structure, ISM: magnetic fields, radio continuum: ISM, methods: data analysis, techniques: polarimetric, Astrophysics - Galaxy Astrophysics},
	Month = jun,
	Pages = {A93},
	Primaryclass = {astro-ph.GA},
	Title = {{An improved map of the Galactic Faraday sky}},
	Volume = {542},
	Year = 2012,
	Bdsk-Url-1 = {https://doi.org/10.1051/0004-6361/201118526}}

@article{Mao2012Halo,
	Adsnote = {Provided by the SAO/NASA Astrophysics Data System},
	Adsurl = {https://ui.adsabs.harvard.edu/abs/2012ApJ...755...21M},
	Archiveprefix = {arXiv},
	Author = {{Mao}, S.~A. and {McClure-Griffiths}, N.~M. and {Gaensler}, B.~M. and {Brown}, J.~C. and {van Eck}, C.~L. and {Haverkorn}, M. and {Kronberg}, P.~P. and {Stil}, J.~M. and {Shukurov}, A. and {Taylor}, A.~R.},
	Date-Added = {2020-09-29 16:59:36 -0400},
	Date-Modified = {2020-11-05 14:58:39 -0500},
	Doi = {10.1088/0004-637X/755/1/21},
	Eid = {21},
	Eprint = {1206.3314},
	Journal = {\apj},
	Keywords = {Galaxy: halo, ISM: magnetic fields, polarization, Astrophysics - Astrophysics of Galaxies},
	Month = aug,
	Number = {1},
	Pages = {21},
	Primaryclass = {astro-ph.GA},
	Title = {{New Constraints on the Galactic Halo Magnetic Field Using Rotation Measures of Extragalactic Sources toward the Outer Galaxy}},
	Volume = {755},
	Year = 2012,
	Bdsk-Url-1 = {https://doi.org/10.1088/0004-637X/755/1/21}}

@article{Lacy2020,
	Adsnote = {Provided by the SAO/NASA Astrophysics Data System},
	Adsurl = {https://ui.adsabs.harvard.edu/abs/2020PASP..132c5001L},
	Archiveprefix = {arXiv},
	Author = {{Lacy}, M. and {Baum}, S.~A. and {Chandler}, C.~J. and {Chatterjee}, S. and {Clarke}, T.~E. and {Deustua}, S. and {English}, J. and {Farnes}, J. and {Gaensler}, B.~M. and {Gugliucci}, N. and {Hallinan}, G. and {Kent}, B.~R. and {Kimball}, A. and {Law}, C.~J. and {Lazio}, T.~J.~W. and {Marvil}, J. and {Mao}, S.~A. and {Medlin}, D. and {Mooley}, K. and {Murphy}, E.~J. and {Myers}, S. and {Osten}, R. and {Richards}, G.~T. and {Rosolowsky}, E. and {Rudnick}, L. and {Schinzel}, F. and {Sivakoff}, G.~R. and {Sjouwerman}, L.~O. and {Taylor}, R. and {White}, R.~L. and {Wrobel}, J. and {Andernach}, H. and {Beasley}, A.~J. and {Berger}, E. and {Bhatnager}, S. and {Birkinshaw}, M. and {Bower}, G.~C. and {Brandt}, W.~N. and {Brown}, S. and {Burke-Spolaor}, S. and {Butler}, B.~J. and {Comerford}, J. and {Demorest}, P.~B. and {Fu}, H. and {Giacintucci}, S. and {Golap}, K. and {G{\"u}th}, T. and {Hales}, C.~A. and {Hiriart}, R. and {Hodge}, J. and {Horesh}, A. and {Ivezi{\'c}}, {\v{Z}}. and {Jarvis}, M.~J. and {Kamble}, A. and {Kassim}, N. and {Liu}, X. and {Loinard}, L. and {Lyons}, D.~K. and {Masters}, J. and {Mezcua}, M. and {Moellenbrock}, G.~A. and {Mroczkowski}, T. and {Nyland}, K. and {O{\textquoteright}Dea}, C.~P. and {O{\textquoteright}Sullivan}, S.~P. and {Peters}, W.~M. and {Radford}, K. and {Rao}, U. and {Robnett}, J. and {Salcido}, J. and {Shen}, Y. and {Sobotka}, A. and {Witz}, S. and {Vaccari}, M. and {van Weeren}, R.~J. and {Vargas}, A. and {Williams}, P.~K.~G. and {Yoon}, I.},
	Date-Added = {2020-09-29 16:11:55 -0400},
	Date-Modified = {2020-09-29 16:11:59 -0400},
	Doi = {10.1088/1538-3873/ab63eb},
	Eid = {035001},
	Eprint = {1907.01981},
	Journal = {\pasp},
	Keywords = {radio continuum: general, surveys, Astrophysics - Instrumentation and Methods for Astrophysics, Astrophysics - Astrophysics of Galaxies, Astrophysics - High Energy Astrophysical Phenomena},
	Month = mar,
	Number = {1009},
	Pages = {035001},
	Primaryclass = {astro-ph.IM},
	Title = {{The Karl G. Jansky Very Large Array Sky Survey (VLASS). Science Case and Survey Design}},
	Volume = {132},
	Year = 2020,
	Bdsk-Url-1 = {https://doi.org/10.1088/1538-3873/ab63eb}}

@inproceedings{Gaensler2010,
	Adsnote = {Provided by the SAO/NASA Astrophysics Data System},
	Adsurl = {https://ui.adsabs.harvard.edu/abs/2010AAS...21547013G},
	Author = {{Gaensler}, Bryan M. and {Landecker}, T.~L. and {Taylor}, A.~R. and {POSSUM Collaboration}},
	Booktitle = {American Astronomical Society Meeting Abstracts \#215},
	Date-Added = {2020-09-29 16:09:48 -0400},
	Date-Modified = {2020-09-29 16:09:53 -0400},
	Eid = {470.13},
	Month = jan,
	Pages = {470.13},
	Series = {American Astronomical Society Meeting Abstracts},
	Title = {{Survey Science with ASKAP: Polarization Sky Survey of the Universe's Magnetism (POSSUM)}},
	Volume = {215},
	Year = 2010}

@article{OSullivan2017,
	Adsnote = {Provided by the SAO/NASA Astrophysics Data System},
	Adsurl = {https://ui.adsabs.harvard.edu/abs/2017MNRAS.469.4034O},
	Archiveprefix = {arXiv},
	Author = {{O'Sullivan}, S.~P. and {Purcell}, C.~R. and {Anderson}, C.~S. and {Farnes}, J.~S. and {Sun}, X.~H. and {Gaensler}, B.~M.},
	Date-Added = {2020-09-29 11:24:50 -0400},
	Date-Modified = {2020-09-29 11:25:01 -0400},
	Doi = {10.1093/mnras/stx1133},
	Eprint = {1705.00102},
	Journal = {\mnras},
	Keywords = {techniques: polarimetric, galaxies: active, galaxies: jet, galaxies: magnetic fields, radio continuum: galaxies, Astrophysics - Astrophysics of Galaxies, Astrophysics - Cosmology and Nongalactic Astrophysics, Astrophysics - High Energy Astrophysical Phenomena},
	Month = aug,
	Number = {4},
	Pages = {4034-4062},
	Primaryclass = {astro-ph.GA},
	Title = {{Broad-band, radio spectro-polarimetric study of 100 radiative-mode and jet-mode AGN}},
	Volume = {469},
	Year = 2017,
	Bdsk-Url-1 = {https://doi.org/10.1093/mnras/stx1133}}

@article{Farnes2014,
	Adsnote = {Provided by the SAO/NASA Astrophysics Data System},
	Adsurl = {https://ui.adsabs.harvard.edu/abs/2014ApJS..212...15F},
	Archiveprefix = {arXiv},
	Author = {{Farnes}, J.~S. and {Gaensler}, B.~M. and {Carretti}, E.},
	Date-Added = {2020-09-29 11:19:18 -0400},
	Date-Modified = {2020-09-29 11:19:23 -0400},
	Doi = {10.1088/0067-0049/212/1/15},
	Eid = {15},
	Eprint = {1403.2391},
	Journal = {\apjs},
	Keywords = {astronomical databases: miscellaneous, catalogs, magnetic fields, polarization, surveys, Astrophysics - Astrophysics of Galaxies, Astrophysics - Cosmology and Nongalactic Astrophysics},
	Month = may,
	Number = {1},
	Pages = {15},
	Primaryclass = {astro-ph.GA},
	Title = {{A Broadband Polarization Catalog of Extragalactic Radio Sources}},
	Volume = {212},
	Year = 2014,
	Bdsk-Url-1 = {https://doi.org/10.1088/0067-0049/212/1/15}}

@article{Klein2003,
	Adsnote = {Provided by the SAO/NASA Astrophysics Data System},
	Adsurl = {https://ui.adsabs.harvard.edu/abs/2003A&A...406..579K},
	Author = {{Klein}, U. and {Mack}, K. -H. and {Gregorini}, L. and {Vigotti}, M.},
	Date-Added = {2020-09-29 11:17:10 -0400},
	Date-Modified = {2020-09-29 11:17:13 -0400},
	Doi = {10.1051/0004-6361:20030825},
	Journal = {\aap},
	Keywords = {polarisation, surveys, radio continuum: galaxies},
	Month = aug,
	Pages = {579-592},
	Title = {{Multi-frequency study of the B3-VLA sample. III. Polarisation properties}},
	Volume = {406},
	Year = 2003,
	Bdsk-Url-1 = {https://doi.org/10.1051/0004-6361:20030825}}

@article{Xu2014,
	Abstract = {We compiled a catalog of Faraday rotation measures (RMs) for 4553 extragalactic radio point sources published in literature. These RMs were derived from multi-frequency polarization observations. The RM data are compared to those in the NRAO VLA Sky Survey (NVSS) RM catalog. We reveal a systematic uncertainty of about 10.0 $\pm$ 1.5 rad m−2 in the NVSS RM catalog. The Galactic foreground RM is calculated through a weighted averaging method by using the compiled RM catalog together with the NVSS RM catalog, with careful consideration of uncertainties in the RM data. The data from the catalog and the interface for the Galactic foreground RM calculations are publicly available on the webpage: http://zmtt.bao.ac.cn/RM/.},
	Author = {Jun Xu and Jin-Lin Han},
	Date-Added = {2020-09-29 11:12:17 -0400},
	Date-Modified = {2020-09-29 11:12:22 -0400},
	Doi = {10.1088/1674-4527/14/8/005},
	Journal = {Research in Astronomy and Astrophysics},
	Month = {jul},
	Number = {8},
	Pages = {942--958},
	Publisher = {{IOP} Publishing},
	Title = {A compiled catalog of rotation measures of radio point sources},
	Url = {https://doi.org/10.1088%2F1674-4527%2F14%2F8%2F005},
	Volume = {14},
	Year = 2014,
	Bdsk-Url-1 = {https://doi.org/10.1088%2F1674-4527%2F14%2F8%2F005},
	Bdsk-Url-2 = {https://doi.org/10.1088/1674-4527/14/8/005}}

@article{Numpy,
	Abstract = {Array programming provides a powerful, compact and expressive syntax for accessing, manipulating and operating on data in vectors, matrices and higher-dimensional arrays. NumPy is the primary array programming library for the Python language. It has an essential role in research analysis pipelines in fields as diverse as physics, chemistry, astronomy, geoscience, biology, psychology, materials science, engineering, finance and economics. For example, in astronomy, NumPy was an important part of the software stack used in the discovery of gravitational waves1 and in the first imaging of a black hole2. Here we review how a few fundamental array concepts lead to a simple and powerful programming paradigm for organizing, exploring and analysing scientific data. NumPy is the foundation upon which the scientific Python ecosystem is constructed. It is so pervasive that several projects, targeting audiences with specialized needs, have developed their own NumPy-like interfaces and array objects. Owing to its central position in the ecosystem, NumPy increasingly acts as an interoperability layer between such array computation libraries and, together with its application programming interface (API), provides a flexible framework to support the next decade of scientific and industrial analysis.},
	Author = {Harris, Charles R. and Millman, K. Jarrod and van der Walt, St{\'e}fan J. and Gommers, Ralf and Virtanen, Pauli and Cournapeau, David and Wieser, Eric and Taylor, Julian and Berg, Sebastian and Smith, Nathaniel J. and Kern, Robert and Picus, Matti and Hoyer, Stephan and van Kerkwijk, Marten H. and Brett, Matthew and Haldane, Allan and del R{\'\i}o, Jaime Fern{\'a}ndez and Wiebe, Mark and Peterson, Pearu and G{\'e}rard-Marchant, Pierre and Sheppard, Kevin and Reddy, Tyler and Weckesser, Warren and Abbasi, Hameer and Gohlke, Christoph and Oliphant, Travis E.},
	Da = {2020/09/01},
	Date-Added = {2020-09-21 11:15:13 -0400},
	Date-Modified = {2020-09-21 11:15:21 -0400},
	Doi = {10.1038/s41586-020-2649-2},
	Id = {Harris2020},
	Isbn = {1476-4687},
	Journal = {Nature},
	Number = {7825},
	Pages = {357--362},
	Title = {Array programming with NumPy},
	Ty = {JOUR},
	Url = {https://doi.org/10.1038/s41586-020-2649-2},
	Volume = {585},
	Year = {2020},
	Bdsk-Url-1 = {https://doi.org/10.1038/s41586-020-2649-2}}

@article{Wolleben2008,
	Author = {{Wolleben}, Maik and {Landecker}, T. L. and {Carretti}, E. and {Dickey}, J. M. and {Fletcher}, A. and {Gaensler}, B. M. and {Han}, J. L. and {Haverkorn}, M. and {Leahy}, J. P. and {McClure-Griffiths}, N. M.and {McConnell}, D. and {Reich}, W. and {Taylor}, A.~R.},
	Date-Added = {2019-01-11 16:12:53 -0500},
	Date-Modified = {2019-01-11 16:17:34 -0500},
	Journal = {Proceedings of the International Astronomical Union},
	Number = {S259},
	Pages = {89-90},
	Title = {GMIMS: the Global Magneto-Ionic Medium Survey},
	Volume = {4},
	Year = {2008}}

@article{Reich82,
	Adsnote = {Provided by the SAO/NASA Astrophysics Data System},
	Adsurl = {http://adsabs.harvard.edu/abs/1982A%26AS...48..219R},
	Author = {{Reich}, W.},
	Date-Added = {2018-11-26 17:00:33 -0500},
	Date-Modified = {2018-11-26 17:00:33 -0500},
	Journal = {\aaps},
	Keywords = {ASTRONOMICAL MAPS, NORTHERN SKY, RADIO ASTRONOMY, ANGULAR RESOLUTION, BRIGHTNESS TEMPERATURE, CALIBRATING, DATA REDUCTION, RADIO TELESCOPES},
	Month = may,
	Pages = {219-297},
	Title = {{A radio continuum survey of the northern sky at 1420 MHz. I}},
	Volume = 48,
	Year = 1982}

@article{Shimwell2017,
	Adsnote = {Provided by the SAO/NASA Astrophysics Data System},
	Adsurl = {http://adsabs.harvard.edu/abs/2017A%26A...598A.104S},
	Archiveprefix = {arXiv},
	Author = {{Shimwell}, T.~W. and {R{\"o}ttgering}, H.~J.~A. and {Best}, P.~N. and {Williams}, W.~L. and {Dijkema}, T.~J. and {de Gasperin}, F. and {Hardcastle}, M.~J. and {Heald}, G.~H. and {Hoang}, D.~N. and {Horneffer}, A. and {Intema}, H. and {Mahony}, E.~K. and {Mandal}, S. and {Mechev}, A.~P. and {Morabito}, L. and {Oonk}, J.~B.~R. and {Rafferty}, D. and {Retana-Montenegro}, E. and {Sabater}, J. and {Tasse}, C. and {van Weeren}, R.~J. and {Br{\"u}ggen}, M. and {Brunetti}, G. and {Chy{\.z}y}, K.~T. and {Conway}, J.~E. and {Haverkorn}, M. and {Jackson}, N. and {Jarvis}, M.~J. and {McKean}, J.~P. and {Miley}, G.~K. and {Morganti}, R. and {White}, G.~J. and {Wise}, M.~W. and {van Bemmel}, I.~M. and {Beck}, R. and {Brienza}, M. and {Bonafede}, A. and {Calistro Rivera}, G. and {Cassano}, R. and {Clarke}, A.~O. and {Cseh}, D. and {Deller}, A. and {Drabent}, A. and {van Driel}, W. and {Engels}, D. and {Falcke}, H. and {Ferrari}, C. and {Fr{\"o}hlich}, S. and {Garrett}, M.~A. and {Harwood}, J.~J. and {Heesen}, V. and {Hoeft}, M. and {Horellou}, C. and {Israel}, F.~P. and {Kapi{\'n}ska}, A.~D. and {Kunert-Bajraszewska}, M. and {McKay}, D.~J. and {Mohan}, N.~R. and {Orr{\'u}}, E. and {Pizzo}, R.~F. and {Prandoni}, I. and {Schwarz}, D.~J. and {Shulevski}, A. and {Sipior}, M. and {Smith}, D.~J.~B. and {Sridhar}, S.~S. and {Steinmetz}, M. and {Stroe}, A. and {Varenius}, E. and {van der Werf}, P.~P. and {Zensus}, J.~A. and {Zwart}, J.~T.~L.},
	Date-Added = {2018-09-18 13:36:05 -0400},
	Date-Modified = {2018-09-18 13:36:06 -0400},
	Doi = {10.1051/0004-6361/201629313},
	Eid = {A104},
	Eprint = {1611.02700},
	Journal = {\aap},
	Keywords = {surveys, catalogs, radio continuum: general, techniques: image processing},
	Month = feb,
	Pages = {A104},
	Primaryclass = {astro-ph.IM},
	Title = {{The LOFAR Two-metre Sky Survey. I. Survey description and preliminary data release}},
	Volume = 598,
	Year = 2017,
	Bdsk-Url-1 = {https://doi.org/10.1051/0004-6361/201629313}}

@article{Reich1986,
	Adsnote = {Provided by the SAO/NASA Astrophysics Data System},
	Adsurl = {http://cdsads.u-strasbg.fr/abs/1986A%26AS...63..205R},
	Author = {{Reich}, P. and {Reich}, W.},
	Date-Added = {2018-09-17 14:59:27 -0400},
	Date-Modified = {2018-09-17 14:59:29 -0400},
	Journal = {\aaps},
	Keywords = {Astronomical Maps, Centimeter Waves, Continuous Spectra, Galactic Structure, Northern Sky, Radio Astronomy, Calibrating, Contours, Data Reduction, Spectral Resolution, Surveys},
	Month = feb,
	Pages = {205-288},
	Title = {{A radio continuum survey of the northern sky at 1420 MHz. II}},
	Volume = 63,
	Year = 1986}

@article{VanEck2018a,
	Adsnote = {Provided by the SAO/NASA Astrophysics Data System},
	Adsurl = {http://adsabs.harvard.edu/abs/2018A%26A...613A..58V},
	Archiveprefix = {arXiv},
	Author = {{Van Eck}, C.~L. and {Haverkorn}, M. and {Alves}, M.~I.~R. and {Beck}, R. and {Best}, P. and {Carretti}, E. and {Chy{\.z}y}, K.~T. and {Farnes}, J.~S. and {Ferri{\`e}re}, K. and {Hardcastle}, M.~J. and {Heald}, G. and {Horellou}, C. and {Iacobelli}, M. and {Jeli{\'c}}, V. and {Mulcahy}, D.~D. and {O'Sullivan}, S.~P. and {Polderman}, I.~M. and {Reich}, W. and {Riseley}, C.~J. and {R{\"o}ttgering}, H. and {Schnitzeler}, D.~H.~F.~M. and {Shimwell}, T.~W. and {Vacca}, V. and {Vink}, J. and {White}, G.~J.},
	Date-Added = {2018-09-13 13:37:58 -0400},
	Date-Modified = {2018-09-13 13:38:08 -0400},
	Doi = {10.1051/0004-6361/201732228},
	Eid = {A58},
	Eprint = {1801.04467},
	Journal = {\aap},
	Keywords = {polarization, ISM: magnetic fields},
	Month = jun,
	Pages = {A58},
	Title = {{Polarized point sources in the LOFAR Two-meter Sky Survey: A preliminary catalog}},
	Volume = 613,
	Year = 2018,
	Bdsk-Url-1 = {https://doi.org/10.1051/0004-6361/201732228}}

@article{Schnitzeler2015a,
	Adsnote = {Provided by the SAO/NASA Astrophysics Data System},
	Adsurl = {http://adsabs.harvard.edu/abs/2015MNRAS.447L..26S},
	Archiveprefix = {arXiv},
	Author = {{Schnitzeler}, D.~H.~F.~M. and {Lee}, K.~J.},
	Date-Added = {2018-09-12 11:15:57 -0400},
	Date-Modified = {2018-09-12 11:16:21 -0400},
	Doi = {10.1093/mnrasl/slu171},
	Eprint = {1411.1412},
	Journal = {\mnras},
	Keywords = {magnetic fields, polarization, methods: analytical, techniques: polarimetric, techniques: spectroscopic},
	Month = feb,
	Pages = {L26-L30},
	Primaryclass = {astro-ph.IM},
	Title = {{Rotation measure synthesis revisited}},
	Volume = 447,
	Year = 2015,
	Bdsk-Url-1 = {https://doi.org/10.1093/mnrasl/slu171}}

@article{Macquart2012,
	Adsnote = {Provided by the SAO/NASA Astrophysics Data System},
	Adsurl = {http://adsabs.harvard.edu/abs/2012ApJ...750..139M},
	Archiveprefix = {arXiv},
	Author = {{Macquart}, J.-P. and {Ekers}, R.~D. and {Feain}, I. and {Johnston-Hollitt}, M.},
	Date-Added = {2018-09-11 15:05:04 -0400},
	Date-Modified = {2018-09-11 15:05:04 -0400},
	Doi = {10.1088/0004-637X/750/2/139},
	Eid = {139},
	Eprint = {1203.2706},
	Journal = {\apj},
	Keywords = {galaxies: individual: Centaurus A NGC 5128, techniques: polarimetric},
	Month = may,
	Pages = {139},
	Primaryclass = {astro-ph.IM},
	Title = {{On the Reliability of Polarization Estimation Using Rotation Measure Synthesis}},
	Volume = 750,
	Year = 2012,
	Bdsk-Url-1 = {https://doi.org/10.1088/0004-637X/750/2/139}}

@article{Schnitzeler2009,
	Adsnote = {Provided by the SAO/NASA Astrophysics Data System},
	Adsurl = {http://adsabs.harvard.edu/abs/2009A%26A...494..611S},
	Archiveprefix = {arXiv},
	Author = {{Schnitzeler}, D.~H.~F.~M. and {Katgert}, P. and {de Bruyn}, A.~G.},
	Date-Added = {2018-09-11 15:04:56 -0400},
	Date-Modified = {2018-09-11 15:04:56 -0400},
	Doi = {10.1051/0004-6361:20078912},
	Eprint = {0810.4211},
	Journal = {\aap},
	Keywords = {magnetic fields, radio continuum: ISM, ISM: magnetic fields, techniques: polarimetric, polarization},
	Month = feb,
	Pages = {611-622},
	Title = {{WSRT Faraday tomography of the Galactic ISM at {$\lambda$} \~{} 0.86 m. I. The GEMINI data set at (l, b) = (181{\degr}, 20{\degr})}},
	Volume = 494,
	Year = 2009,
	Bdsk-Url-1 = {https://doi.org/10.1051/0004-6361:20078912}}

@article{Hales2012,
	Adsnote = {Provided by the SAO/NASA Astrophysics Data System},
	Adsurl = {http://adsabs.harvard.edu/abs/2012MNRAS.424.2160H},
	Archiveprefix = {arXiv},
	Author = {{Hales}, C.~A. and {Gaensler}, B.~M. and {Norris}, R.~P. and {Middelberg}, E.},
	Date-Added = {2018-09-11 15:04:47 -0400},
	Date-Modified = {2018-09-11 15:04:47 -0400},
	Doi = {10.1111/j.1365-2966.2012.21372.x},
	Eprint = {1205.5310},
	Journal = {\mnras},
	Keywords = {methods: analytical, methods: statistical, techniques: polarimetric, radio continuum: general, radio lines: general},
	Month = aug,
	Pages = {2160-2172},
	Primaryclass = {astro-ph.IM},
	Title = {{Analytic detection thresholds for measurements of linearly polarized intensity using rotation measure synthesis}},
	Volume = 424,
	Year = 2012,
	Bdsk-Url-1 = {https://doi.org/10.1111/j.1365-2966.2012.21372.x}}

@article{Schnitzeler2007,
	Adsnote = {Provided by the SAO/NASA Astrophysics Data System},
	Adsurl = {http://adsabs.harvard.edu/abs/2007A%26A...471L..21S},
	Archiveprefix = {arXiv},
	Author = {{Schnitzeler}, D.~H.~F.~M. and {Katgert}, P. and {de Bruyn}, A.~G.},
	Date-Added = {2018-09-11 10:51:57 -0400},
	Date-Modified = {2018-09-11 10:52:04 -0400},
	Doi = {10.1051/0004-6361:20077635},
	Eprint = {0706.2548},
	Journal = {\aap},
	Keywords = {magnetic fields, radio continuum: ISM, ISM: magnetic fields, ISM: structure, techniques: polarimetric, techniques: miscellaneous},
	Month = aug,
	Pages = {L21-L24},
	Title = {{WSRT Faraday tomography of the Galactic ISM at {$\lambda$} {\tilde} 0.86 m. First results for a field at (l, b)\~{}=\~{}(181{\deg},20{\deg})}},
	Volume = 471,
	Year = 2007,
	Bdsk-Url-1 = {https://doi.org/10.1051/0004-6361:20077635}}

@article{Mao2010,
	Adsnote = {Provided by the SAO/NASA Astrophysics Data System},
	Adsurl = {http://adsabs.harvard.edu/abs/2010ApJ...714.1170M},
	Archiveprefix = {arXiv},
	Author = {{Mao}, S.~A. and {Gaensler}, B.~M. and {Haverkorn}, M. and {Zweibel}, E.~G. and {Madsen}, G.~J. and {McClure-Griffiths}, N.~M. and {Shukurov}, A. and {Kronberg}, P.~P.},
	Date-Added = {2018-07-16 19:13:04 +0000},
	Date-Modified = {2018-07-16 19:13:07 +0000},
	Doi = {10.1088/0004-637X/714/2/1170},
	Eprint = {1003.4519},
	Journal = {\apj},
	Keywords = {Galaxy: halo, ISM: magnetic fields, polarization},
	Month = may,
	Pages = {1170-1186},
	Title = {{A Survey of Extragalactic Faraday Rotation at High Galactic Latitude: The Vertical Magnetic Field of the Milky Way Toward the Galactic Poles}},
	Volume = 714,
	Year = 2010,
	Bdsk-Url-1 = {http://dx.doi.org/10.1088/0004-637X/714/2/1170}}

@article{Brown2003,
	Adsnote = {Provided by the SAO/NASA Astrophysics Data System},
	Adsurl = {http://adsabs.harvard.edu/abs/2003ApJS..145..213B},
	Author = {{Brown}, J.~C. and {Taylor}, A.~R. and {Jackel}, B.~J.},
	Date-Added = {2018-07-16 19:07:07 +0000},
	Date-Modified = {2018-07-16 19:07:12 +0000},
	Doi = {10.1086/346082},
	Journal = {\apjs},
	Keywords = {Catalogs, ISM: Magnetic Fields, Polarization, Radio Continuum: Galaxies, Techniques: Polarimetric},
	Month = apr,
	Pages = {213-223},
	Title = {{Rotation Measures of Compact Sources in the Canadian Galactic Plane Survey}},
	Volume = 145,
	Year = 2003,
	Bdsk-Url-1 = {http://dx.doi.org/10.1086/346082}}

@article{Reich1988,
	Adsnote = {Provided by the SAO/NASA Astrophysics Data System},
	Adsurl = {http://adsabs.harvard.edu/abs/1988A%26AS...74....7R},
	Author = {{Reich}, P. and {Reich}, W.},
	Date-Added = {2018-03-06 20:10:06 +0000},
	Date-Modified = {2018-03-06 20:10:11 +0000},
	Journal = {\aaps},
	Keywords = {Astronomical Maps, Astronomical Spectroscopy, Continuous Radiation, Galactic Radio Waves, Calibrating, Emission Spectra, Northern Sky, Sky Surveys (Astronomy)},
	Month = jul,
	Pages = {7-23},
	Title = {{A map of spectral indices of the Galactic radio continuum emission between 408 MHz and 1420 MHz for the entire northern sky}},
	Volume = 74,
	Year = 1988}

@article{Wolleben2006,
	Adsnote = {Provided by the SAO/NASA Astrophysics Data System},
	Adsurl = {http://adsabs.harvard.edu/abs/2006A%26A...448..411W},
	Author = {{Wolleben}, M. and {Landecker}, T.~L. and {Reich}, W. and {Wielebinski}, R.},
	Date-Added = {2018-03-06 18:38:24 +0000},
	Date-Modified = {2018-03-06 18:38:29 +0000},
	Doi = {10.1051/0004-6361:20053851},
	Eprint = {astro-ph/0510456},
	Journal = {\aap},
	Keywords = {surveys, polarization, radio continuum: general, methods: observational, instrumentation: polarimeters, magnetic fields},
	Month = mar,
	Pages = {411-424},
	Title = {{An absolutely calibrated survey of polarized emission from the northern sky at 1.4 GHz. Observations and data reduction}},
	Volume = 448,
	Year = 2006,
	Bdsk-Url-1 = {http://dx.doi.org/10.1051/0004-6361:20053851}}

@article{Bernardi2013,
	Adsnote = {Provided by the SAO/NASA Astrophysics Data System},
	Adsurl = {http://adsabs.harvard.edu/abs/2013ApJ...771..105B},
	Archiveprefix = {arXiv},
	Author = {{Bernardi}, G. and {Greenhill}, L.~J. and {Mitchell}, D.~A. and {Ord}, S.~M. and {Hazelton}, B.~J. and {Gaensler}, B.~M. and {de Oliveira-Costa}, A. and {Morales}, M.~F. and {Udaya Shankar}, N. and {Subrahmanyan}, R. and {Wayth}, R.~B. and {Lenc}, E. and {Williams}, C.~L. and {Arcus}, W. and {Arora}, B.~S. and {Barnes}, D.~G. and {Bowman}, J.~D. and {Briggs}, F.~H. and {Bunton}, J.~D. and {Cappallo}, R.~J. and {Corey}, B.~E. and {Deshpande}, A. and {deSouza}, L. and {Emrich}, D. and {Goeke}, R. and {Herne}, D. and {Hewitt}, J.~N. and {Johnston-Hollitt}, M. and {Kaplan}, D. and {Kasper}, J.~C. and {Kincaid}, B.~B. and {Koenig}, R. and {Kratzenberg}, E. and {Lonsdale}, C.~J. and {Lynch}, M.~J. and {McWhirter}, S.~R. and {Morgan}, E. and {Oberoi}, D. and {Pathikulangara}, J. and {Prabu}, T. and {Remillard}, R.~A. and {Rogers}, A.~E.~E. and {Roshi}, A. and {Salah}, J.~E. and {Sault}, R.~J. and {Srivani}, K.~S. and {Stevens}, J. and {Tingay}, S.~J. and {Waterson}, M. and {Webster}, R.~L. and {Whitney}, A.~R. and {Williams}, A. and {Wyithe}, J.~S.~B.},
	Date-Added = {2018-02-26 17:44:50 +0000},
	Date-Modified = {2018-02-26 17:44:54 +0000},
	Doi = {10.1088/0004-637X/771/2/105},
	Eid = {105},
	Eprint = {1305.6047},
	Journal = {\apj},
	Keywords = {diffuse radiation, ISM: magnetic fields, polarization, radio continuum: general, surveys, techniques: interferometric},
	Month = jul,
	Pages = {105},
	Title = {{A 189 MHz, 2400 deg$^{2}$ Polarization Survey with the Murchison Widefield Array 32-element Prototype}},
	Volume = 771,
	Year = 2013,
	Bdsk-Url-1 = {http://dx.doi.org/10.1088/0004-637X/771/2/105}}

@article{Haslam1982,
	Adsnote = {Provided by the SAO/NASA Astrophysics Data System},
	Adsurl = {http://adsabs.harvard.edu/abs/1982A%26AS...47....1H},
	Author = {{Haslam}, C.~G.~T. and {Salter}, C.~J. and {Stoffel}, H. and {Wilson}, W.~E.},
	Date-Added = {2018-02-23 20:42:05 +0000},
	Date-Modified = {2018-02-23 20:42:17 +0000},
	Journal = {\aaps},
	Keywords = {Astronomical Maps, Radio Astronomy, Ultrahigh Frequencies, Galactic Structure, Radio Telescopes, Relief Maps},
	Month = jan,
	Owner = {ensslin},
	Pages = {1},
	Timestamp = {2017.06.01},
	Title = {{A 408 MHz all-sky continuum survey. II - The atlas of contour maps}},
	Volume = {47},
	Year = {1982}}

@article{Spinrad1985,
	Adsnote = {Provided by the SAO/NASA Astrophysics Data System},
	Adsurl = {http://adsabs.harvard.edu/abs/1985PASP...97..932S},
	Author = {{Spinrad}, H. and {Marr}, J. and {Aguilar}, L. and {Djorgovski}, S.},
	Date-Added = {2018-01-03 18:32:27 +0000},
	Date-Modified = {2018-01-03 18:32:33 +0000},
	Doi = {10.1086/131647},
	Journal = {\pasp},
	Keywords = {Astronomical Catalogs, Radio Galaxies, Red Shift, Magnitude, Photographic Plates, Position (Location), Tables (Data)},
	Month = oct,
	Pages = {932-961},
	Title = {{A third update of the status of the 3CR sources - Further new redshifts and new identifications of distant galaxies}},
	Volume = 97,
	Year = 1985,
	Bdsk-Url-1 = {http://dx.doi.org/10.1086/131647}}

@article{Tingay2013,
	Adsnote = {Provided by the SAO/NASA Astrophysics Data System},
	Adsurl = {http://adsabs.harvard.edu/abs/2013PASA...30....7T},
	Archiveprefix = {arXiv},
	Author = {{Tingay}, S.~J. and {Goeke}, R. and {Bowman}, J.~D. and {Emrich}, D. and {Ord}, S.~M. and {Mitchell}, D.~A. and {Morales}, M.~F. and {Booler}, T. and {Crosse}, B. and {Wayth}, R.~B. and {Lonsdale}, C.~J. and {Tremblay}, S. and {Pallot}, D. and {Colegate}, T. and {Wicenec}, A. and {Kudryavtseva}, N. and {Arcus}, W. and {Barnes}, D. and {Bernardi}, G. and {Briggs}, F. and {Burns}, S. and {Bunton}, J.~D. and {Cappallo}, R.~J. and {Corey}, B.~E. and {Deshpande}, A. and {Desouza}, L. and {Gaensler}, B.~M. and {Greenhill}, L.~J. and {Hall}, P.~J. and {Hazelton}, B.~J. and {Herne}, D. and {Hewitt}, J.~N. and {Johnston-Hollitt}, M. and {Kaplan}, D.~L. and {Kasper}, J.~C. and {Kincaid}, B.~B. and {Koenig}, R. and {Kratzenberg}, E. and {Lynch}, M.~J. and {Mckinley}, B. and {Mcwhirter}, S.~R. and {Morgan}, E. and {Oberoi}, D. and {Pathikulangara}, J. and {Prabu}, T. and {Remillard}, R.~A. and {Rogers}, A.~E.~E. and {Roshi}, A. and {Salah}, J.~E. and {Sault}, R.~J. and {Udaya-Shankar}, N. and {Schlagenhaufer}, F. and {Srivani}, K.~S. and {Stevens}, J. and {Subrahmanyan}, R. and {Waterson}, M. and {Webster}, R.~L. and {Whitney}, A.~R. and {Williams}, A. and {Williams}, C.~L. and {Wyithe}, J.~S.~B.},
	Date-Added = {2018-01-03 18:04:51 +0000},
	Date-Modified = {2018-01-03 18:04:56 +0000},
	Doi = {10.1017/pasa.2012.007},
	Eid = {e007},
	Eprint = {1206.6945},
	Journal = {\pasa},
	Keywords = {instrumentation: interferometers, techniques: image processing, techniques: interferometric, radio continuum: general, radio lines: general, early Universe},
	Month = jan,
	Pages = {e007},
	Primaryclass = {astro-ph.IM},
	Title = {{The Murchison Widefield Array: The Square Kilometre Array Precursor at Low Radio Frequencies}},
	Volume = 30,
	Year = 2013,
	Bdsk-Url-1 = {http://dx.doi.org/10.1017/pasa.2012.007}}

@article{Ordog2017,
	Adsnote = {Provided by the SAO/NASA Astrophysics Data System},
	Adsurl = {http://adsabs.harvard.edu/abs/2017arXiv170408663O},
	Archiveprefix = {arXiv},
	Author = {{Ordog}, A. and {Brown}, J.~C. and {Kothes}, R. and {Landecker}, T.~L.},
	Eprint = {1704.08663},
	Journal = {ArXiv e-prints},
	Keywords = {Astrophysics - Astrophysics of Galaxies},
	Month = apr,
	Title = {{Three-Dimensional Structure of the Magnetic Field in the Disk of the Milky Way}},
	Year = 2017}

@article{Landecker1970,
	Adsnote = {Provided by the SAO/NASA Astrophysics Data System},
	Adsurl = {http://adsabs.harvard.edu/abs/1970AuJPA..16....1L},
	Author = {{Landecker}, T.~L. and {Wielebinski}, R.},
	Date-Added = {2016-08-24 11:24:44 +0000},
	Date-Modified = {2016-08-24 11:24:51 +0000},
	Journal = {Australian Journal of Physics Astrophysical Supplement},
	Pages = {1},
	Title = {{The Galactic Metre Wave Radiation: A two-frequency survey between declinations +25$^{o}$ and -25$^{o}$ and the preparation of a map of the whole sky}},
	Volume = 16,
	Year = 1970}

@proceedings{Zeldovich83,
	Adsnote = {Provided by the SAO/NASA Astrophysics Data System},
	Adsurl = {http://adsabs.harvard.edu/abs/1983flma....3.....Z},
	Booktitle = {New York, Gordon and Breach Science Publishers (The Fluid Mechanics of Astrophysics and Geophysics. Volume 3), 1983, 381 p. Translation.},
	Date-Added = {2017-05-08 22:12:13 +0000},
	Date-Modified = {2017-05-08 22:12:21 +0000},
	Editor = {{Zeldovich}, I.~B. and {Ruzmaikin}, A.~A. and {Sokolov}, D.~D.},
	Keywords = {Astrophysics, Dynamo Theory, Interstellar Magnetic Fields, Magnetic Fields, Magnetohydrodynamics, Stellar Magnetic Fields, Accretion Disks, Black Holes (Astronomy), Cosmology, Faraday Effect, Magnetic Clouds, Magnetic Monopoles, Magnetohydrodynamic Flow, Magnetohydrodynamic Turbulence, Milky Way Galaxy, Pulsars, Rotating Fluids, Solar Magnetic Field, Stellar Activity, Stellar Evolution, Topology, Zeeman Effect},
	Title = {{Magnetic fields in astrophysics}},
	Volume = 3,
	Year = 1983}

@article{Shukurov04,
	Adsnote = {Provided by the SAO/NASA Astrophysics Data System},
	Adsurl = {http://adsabs.harvard.edu/abs/2004astro.ph.11739S},
	Author = {{Shukurov}, A.},
	Date-Added = {2017-05-08 21:34:22 +0000},
	Date-Modified = {2017-05-08 21:34:27 +0000},
	Eprint = {astro-ph/0411739},
	Journal = {ArXiv Astrophysics e-prints},
	Keywords = {Astrophysics},
	Month = nov,
	Title = {{Introduction to galactic dynamos}},
	Year = 2004}

@article{Beck96,
	Adsnote = {Provided by the SAO/NASA Astrophysics Data System},
	Adsurl = {http://adsabs.harvard.edu/abs/1996ARA%26A..34..155B},
	Author = {{Beck}, R. and {Brandenburg}, A. and {Moss}, D. and {Shukurov}, A. and {Sokoloff}, D.},
	Date-Added = {2017-05-08 21:19:54 +0000},
	Date-Modified = {2017-05-08 21:19:58 +0000},
	Doi = {10.1146/annurev.astro.34.1.155},
	Journal = {\araa},
	Pages = {155-206},
	Title = {{Galactic Magnetism: Recent Developments and Perspectives}},
	Volume = 34,
	Year = 1996,
	Bdsk-Url-1 = {http://dx.doi.org/10.1146/annurev.astro.34.1.155}}

@article{Planck2015_components,
	Adsnote = {Provided by the SAO/NASA Astrophysics Data System},
	Adsurl = {http://adsabs.harvard.edu/abs/2016A%26A...594A..10P},
	Archiveprefix = {arXiv},
	Author = {{Planck Collaboration} and {Adam}, R. and {Ade}, P.~A.~R. and {Aghanim}, N. and {Alves}, M.~I.~R. and {Arnaud}, M. and {Ashdown}, M. and {Aumont}, J. and {Baccigalupi}, C. and {Banday}, A.~J. and et al.},
	Date-Added = {2017-04-13 13:31:08 +0000},
	Date-Modified = {2017-04-13 13:31:20 +0000},
	Doi = {10.1051/0004-6361/201525967},
	Eid = {A10},
	Eprint = {1502.01588},
	Journal = {\aap},
	Keywords = {ISM: general, cosmology: observations, polarization, cosmic background radiation, diffuse radiation, Galaxy: general},
	Month = sep,
	Pages = {A10},
	Title = {{Planck 2015 results. X. Diffuse component separation: Foreground maps}},
	Volume = 594,
	Year = 2016,
	Bdsk-Url-1 = {http://dx.doi.org/10.1051/0004-6361/201525967}}

@article{VanLoo12,
	Adsnote = {Provided by the SAO/NASA Astrophysics Data System},
	Adsurl = {http://adsabs.harvard.edu/abs/2012A%26G....53e..31V},
	Archiveprefix = {arXiv},
	Author = {{van Loo}, S. and {Hartquist}, T.~W. and {Falle}, S.~A.~E.~G.},
	Date-Added = {2017-03-22 13:03:43 +0000},
	Date-Modified = {2017-03-22 13:03:48 +0000},
	Doi = {10.1111/j.1468-4004.2012.53531.x},
	Eprint = {1207.7343},
	Journal = {Astronomy and Geophysics},
	Month = oct,
	Number = 5,
	Pages = {5.31-5.36},
	Title = {{Magnetic fields and star formation}},
	Volume = 53,
	Year = 2012,
	Bdsk-Url-1 = {http://dx.doi.org/10.1111/j.1468-4004.2012.53531.x}}

@article{Hill17,
	Adsnote = {Provided by the SAO/NASA Astrophysics Data System},
	Adsurl = {http://adsabs.harvard.edu/abs/2017arXiv170202200H},
	Archiveprefix = {arXiv},
	Author = {{Hill}, A.~S. and {Landecker}, T.~L. and {Carretti}, E. and {Douglas}, K. and {Sun}, X.~H. and {Gaensler}, B.~M. and {Mao}, S.~A. and {McClure-Griffiths}, N.~M. and {Reich}, W. and {Wolleben}, M. and {Dickey}, J.~M. and {Gray}, A.~D. and {Haverkorn}, M. and {Leahy}, J.~P. and {Schnitzeler}, D.~H.~F.~M.},
	Date-Added = {2017-03-22 12:58:38 +0000},
	Date-Modified = {2017-03-22 12:58:43 +0000},
	Eprint = {1702.02200},
	Journal = {ArXiv e-prints},
	Keywords = {Astrophysics - Astrophysics of Galaxies},
	Month = feb,
	Title = {{The Fan Region at 1.5 GHz. I: Polarized synchrotron emission extending beyond the Perseus Arm}},
	Year = 2017}

@article{Winkel16,
	Author = {{Winkel}, B. and {Kerp}, J. and {Fl{\"o}er}, L. and {Kalberla}, P. M. W. and {Ben Bekhti}, N. and {Keller}, R. and {Lenz}, D.},
	Date-Added = {2017-03-13 12:39:58 +0000},
	Date-Modified = {2017-06-29 20:30:08 +0000},
	Doi = {10.1051/0004-6361/201527007},
	Journal = {A\&A},
	Pages = {A41},
	Title = {The Effelsberg-Bonn H i Survey: Milky Way gas⋆ - First data release},
	Url = {https://doi.org/10.1051/0004-6361/201527007},
	Volume = 585,
	Year = 2016,
	Bdsk-Url-1 = {https://doi.org/10.1051/0004-6361/201527007},
	Bdsk-Url-2 = {http://dx.doi.org/10.1051/0004-6361/201527007}}

@article{Finkbeiner03,
	Adsnote = {Provided by the SAO/NASA Astrophysics Data System},
	Adsurl = {http://adsabs.harvard.edu/abs/2003ApJS..146..407F},
	Author = {{Finkbeiner}, D.~P.},
	Date-Added = {2017-03-10 10:46:30 +0000},
	Date-Modified = {2017-03-10 10:46:36 +0000},
	Doi = {10.1086/374411},
	Eprint = {astro-ph/0301558},
	Journal = {\apjs},
	Keywords = {ISM: Dust, Extinction, ISM: H II Regions, ISM: Clouds},
	Month = jun,
	Pages = {407-415},
	Title = {{A Full-Sky H{$\alpha$} Template for Microwave Foreground Prediction}},
	Volume = 146,
	Year = 2003,
	Bdsk-Url-1 = {http://dx.doi.org/10.1086/374411}}

@article{Zaroubi15,
	Adsnote = {Provided by the SAO/NASA Astrophysics Data System},
	Adsurl = {http://adsabs.harvard.edu/abs/2015MNRAS.454L..46Z},
	Archiveprefix = {arXiv},
	Author = {{Zaroubi}, S. and {Jeli{\'c}}, V. and {de Bruyn}, A.~G. and {Boulanger}, F. and {Bracco}, A. and {Kooistra}, R. and {Alves}, M.~I.~R. and {Brentjens}, M.~A. and {Ferri{\`e}re}, K. and {Ghosh}, T. and {Koopmans}, L.~V.~E. and {Levrier}, F. and {Miville-Desch{\^e}nes}, M.-A. and {Montier}, L. and {Pandey}, V.~N. and {Soler}, J.~D.},
	Date-Added = {2017-03-10 09:22:35 +0000},
	Date-Modified = {2017-03-10 09:22:40 +0000},
	Doi = {10.1093/mnrasl/slv123},
	Eprint = {1508.06652},
	Journal = {\mnras},
	Keywords = {techniques: interferometric, ISM: general, ISM: magnetic fields, ISM: structure, radio continuum: general, submillimetre: ISM},
	Month = nov,
	Pages = {L46-L50},
	Title = {{Galactic interstellar filaments as probed by LOFAR and Planck}},
	Volume = 454,
	Year = 2015,
	Bdsk-Url-1 = {http://dx.doi.org/10.1093/mnrasl/slv123}}

@article{Boulares90,
	Adsnote = {Provided by the SAO/NASA Astrophysics Data System},
	Adsurl = {http://adsabs.harvard.edu/abs/1990ApJ...365..544B},
	Author = {{Boulares}, A. and {Cox}, D.~P.},
	Doi = {10.1086/169509},
	Journal = {\apj},
	Keywords = {Cosmic Rays, Interstellar Gas, Interstellar Magnetic Fields, Milky Way Galaxy, Particle Acceleration, Solar Neighborhood, Gaseous Diffusion, Gravitational Fields, Hydrostatics, Mass Distribution, Pressure Distribution},
	Month = dec,
	Pages = {544-558},
	Title = {{Galactic hydrostatic equilibrium with magnetic tension and cosmic-ray diffusion}},
	Volume = 365,
	Year = 1990,
	Bdsk-Url-1 = {http://dx.doi.org/10.1086/169509}}

@inproceedings{Beresnyak15,
	Adsnote = {Provided by the SAO/NASA Astrophysics Data System},
	Adsurl = {http://adsabs.harvard.edu/abs/2015ASSL..407..163B},
	Archiveprefix = {arXiv},
	Author = {{Beresnyak}, A. and {Lazarian}, A.},
	Booktitle = {Magnetic Fields in Diffuse Media},
	Doi = {10.1007/978-3-662-44625-6_8},
	Editor = {{Lazarian}, A. and {de Gouveia Dal Pino}, E.~M. and {Melioli}, C.},
	Eprint = {1406.1185},
	Keywords = {Physics},
	Pages = {163},
	Series = {Astrophysics and Space Science Library},
	Title = {{MHD Turbulence, Turbulent Dynamo and Applications}},
	Volume = 407,
	Year = 2015,
	Bdsk-Url-1 = {http://dx.doi.org/10.1007/978-3-662-44625-6_8}}

@inproceedings{Karma,
	Adsnote = {Provided by the SAO/NASA Astrophysics Data System},
	Adsurl = {http://adsabs.harvard.edu/abs/1996ASPC..101...80G},
	Author = {{Gooch}, R.},
	Booktitle = {Astronomical Data Analysis Software and Systems V},
	Date-Added = {2017-02-27 08:58:47 +0000},
	Date-Modified = {2017-02-27 08:59:51 +0000},
	Editor = {{Jacoby}, G.~H. and {Barnes}, J.},
	Pages = {80},
	Series = {Astronomical Society of the Pacific Conference Series},
	Title = {{Karma: a Visualization Test-Bed}},
	Volume = 101,
	Year = 1996}

@article{Bergeot14,
	Author = {{Bergeot, Nicolas} and {Chevalier, Jean-Marie} and {Bruyninx, Carine} and {Pottiaux, Eric} and {Aerts, Wim} and {Baire, Quentin} and {Legrand, Juliette} and {Defraigne, Pascale} and {Huang, Wei}},
	Date-Added = {2017-02-10 14:16:49 +0000},
	Date-Modified = {2017-02-10 14:16:57 +0000},
	Doi = {10.1051/swsc/2014028},
	Journal = {J. Space Weather Space Clim.},
	Pages = {A31},
	Title = {Near real-time ionospheric monitoring over Europe at the Royal Observatory of Belgium using GNSS data},
	Url = {http://dx.doi.org/10.1051/swsc/2014028},
	Volume = 4,
	Year = 2014,
	Bdsk-Url-1 = {http://dx.doi.org/10.1051/swsc/2014028}}

@article{Jee10,
	Author = {Jee, G. and Lee, H.-B. and Kim, Y. H. and Chung, J.-K. and Cho, J.},
	Date-Added = {2017-02-10 14:12:26 +0000},
	Date-Modified = {2017-02-10 14:12:30 +0000},
	Doi = {10.1029/2010JA015432},
	Issn = {2156-2202},
	Journal = {Journal of Geophysical Research: Space Physics},
	Keywords = {General or miscellaneous, Equatorial ionosphere, Midlatitude ionosphere, Plasmasphere, Ionospheric physics, GPS GIM, TOPEX-Jason TEC, Global Ionosphere},
	Note = {A10319},
	Number = {A10},
	Pages = {n/a--n/a},
	Title = {Assessment of GPS global ionosphere maps (GIM) by comparison between CODE GIM and TOPEX/Jason TEC data: Ionospheric perspective},
	Url = {http://dx.doi.org/10.1029/2010JA015432},
	Volume = {115},
	Year = {2010},
	Bdsk-Url-1 = {http://dx.doi.org/10.1029/2010JA015432}}

@article{Heald15,
	Adsnote = {Provided by the SAO/NASA Astrophysics Data System},
	Adsurl = {http://adsabs.harvard.edu/abs/2015A%26A...582A.123H},
	Archiveprefix = {arXiv},
	Author = {{Heald}, G.~H. and {Pizzo}, R.~F. and {Orr{\'u}}, E. and {Breton}, R.~P. and {Carbone}, D. and {Ferrari}, C. and {Hardcastle}, M.~J. and {Jurusik}, W. and {Macario}, G. and {Mulcahy}, D. and {Rafferty}, D. and {Asgekar}, A. and {Brentjens}, M. and {Fallows}, R.~A. and {Frieswijk}, W. and {Toribio}, M.~C. and {Adebahr}, B. and {Arts}, M. and {Bell}, M.~R. and {Bonafede}, A. and {Bray}, J. and {Broderick}, J. and {Cantwell}, T. and {Carroll}, P. and {Cendes}, Y. and {Clarke}, A.~O. and {Croston}, J. and {Daiboo}, S. and {de Gasperin}, F. and {Gregson}, J. and {Harwood}, J. and {Hassall}, T. and {Heesen}, V. and {Horneffer}, A. and {van der Horst}, A.~J. and {Iacobelli}, M. and {Jeli{\'c}}, V. and {Jones}, D. and {Kant}, D. and {Kokotanekov}, G. and {Martin}, P. and {McKean}, J.~P. and {Morabito}, L.~K. and {Nikiel-Wroczy{\'n}ski}, B. and {Offringa}, A. and {Pandey}, V.~N. and {Pandey-Pommier}, M. and {Pietka}, M. and {Pratley}, L. and {Riseley}, C. and {Rowlinson}, A. and {Sabater}, J. and {Scaife}, A.~M.~M. and {Scheers}, L.~H.~A. and {Sendlinger}, K. and {Shulevski}, A. and {Sipior}, M. and {Sobey}, C. and {Stewart}, A.~J. and {Stroe}, A. and {Swinbank}, J. and {Tasse}, C. and {Tr{\"u}stedt}, J. and {Varenius}, E. and {van Velzen}, S. and {Vilchez}, N. and {van Weeren}, R.~J. and {Wijnholds}, S. and {Williams}, W.~L. and {de Bruyn}, A.~G. and {Nijboer}, R. and {Wise}, M. and {Alexov}, A. and {Anderson}, J. and {Avruch}, I.~M. and {Beck}, R. and {Bell}, M.~E. and {van Bemmel}, I. and {Bentum}, M.~J. and {Bernardi}, G. and {Best}, P. and {Breitling}, F. and {Brouw}, W.~N. and {Br{\"u}ggen}, M. and {Butcher}, H.~R. and {Ciardi}, B. and {Conway}, J.~E. and {de Geus}, E. and {de Jong}, A. and {de Vos}, M. and {Deller}, A. and {Dettmar}, R.-J. and {Duscha}, S. and {Eisl{\"o}ffel}, J. and {Engels}, D. and {Falcke}, H. and {Fender}, R. and {Garrett}, M.~A. and {Grie{\ss}meier}, J. and {Gunst}, A.~W. and {Hamaker}, J.~P. and {Hessels}, J.~W.~T. and {Hoeft}, M. and {H{\"o}randel}, J. and {Holties}, H.~A. and {Intema}, H. and {Jackson}, N.~J. and {J{\"u}tte}, E. and {Karastergiou}, A. and {Klijn}, W.~F.~A. and {Kondratiev}, V.~I. and {Koopmans}, L.~V.~E. and {Kuniyoshi}, M. and {Kuper}, G. and {Law}, C. and {van Leeuwen}, J. and {Loose}, M. and {Maat}, P. and {Markoff}, S. and {McFadden}, R. and {McKay-Bukowski}, D. and {Mevius}, M. and {Miller-Jones}, J.~C.~A. and {Morganti}, R. and {Munk}, H. and {Nelles}, A. and {Noordam}, J.~E. and {Norden}, M.~J. and {Paas}, H. and {Polatidis}, A.~G. and {Reich}, W. and {Renting}, A. and {R{\"o}ttgering}, H. and {Schoenmakers}, A. and {Schwarz}, D. and {Sluman}, J. and {Smirnov}, O. and {Stappers}, B.~W. and {Steinmetz}, M. and {Tagger}, M. and {Tang}, Y. and {ter Veen}, S. and {Thoudam}, S. and {Vermeulen}, R. and {Vocks}, C. and {Vogt}, C. and {Wijers}, R.~A.~M.~J. and {Wucknitz}, O. and {Yatawatta}, S. and {Zarka}, P.},
	Date-Added = {2017-02-09 15:11:12 +0000},
	Date-Modified = {2017-02-09 15:11:17 +0000},
	Doi = {10.1051/0004-6361/201425210},
	Eid = {A123},
	Eprint = {1509.01257},
	Journal = {\aap},
	Keywords = {surveys, radio continuum: general},
	Month = oct,
	Pages = {A123},
	Primaryclass = {astro-ph.IM},
	Title = {{The LOFAR Multifrequency Snapshot Sky Survey (MSSS). I. Survey description and first results}},
	Volume = 582,
	Year = 2015,
	Bdsk-Url-1 = {http://dx.doi.org/10.1051/0004-6361/201425210}}

@inproceedings{Hill08,
	Adsnote = {Provided by the SAO/NASA Astrophysics Data System},
	Adsurl = {http://adsabs.harvard.edu/abs/2008ASPC..399..115H},
	Archiveprefix = {arXiv},
	Author = {{Hill}, G.~J. and {Gebhardt}, K. and {Komatsu}, E. and {Drory}, N. and {MacQueen}, P.~J. and {Adams}, J. and {Blanc}, G.~A. and {Koehler}, R. and {Rafal}, M. and {Roth}, M.~M. and {Kelz}, A. and {Gronwall}, C. and {Ciardullo}, R. and {Schneider}, D.~P.},
	Booktitle = {Panoramic Views of Galaxy Formation and Evolution},
	Date-Added = {2017-02-06 10:38:42 +0000},
	Date-Modified = {2017-02-06 10:38:47 +0000},
	Editor = {{Kodama}, T. and {Yamada}, T. and {Aoki}, K.},
	Eprint = {0806.0183},
	Month = oct,
	Pages = {115},
	Series = {Astronomical Society of the Pacific Conference Series},
	Title = {{The Hobby-Eberly Telescope Dark Energy Experiment (HETDEX): Description and Early Pilot Survey Results}},
	Volume = 399,
	Year = 2008}

@article{Lewis17,
	Adsnote = {Provided by the SAO/NASA Astrophysics Data System},
	Adsurl = {http://adsabs.harvard.edu/abs/2017arXiv170108741L},
	Archiveprefix = {arXiv},
	Author = {{Lewis}, B.~T. and {Bate}, M.~R.},
	Date-Added = {2017-02-06 09:28:45 +0000},
	Date-Modified = {2017-02-06 09:28:50 +0000},
	Eprint = {1701.08741},
	Journal = {ArXiv e-prints},
	Keywords = {Astrophysics - Solar and Stellar Astrophysics, Astrophysics - Astrophysics of Galaxies},
	Month = jan,
	Primaryclass = {astro-ph.SR},
	Title = {{The dependence of protostar formation on the geometry and strength of the initial magnetic field}},
	Year = 2017}

@article{VanEck11,
	Adsnote = {Provided by the SAO/NASA Astrophysics Data System},
	Adsurl = {http://adsabs.harvard.edu/abs/2011ApJ...728...97V},
	Archiveprefix = {arXiv},
	Author = {{Van Eck}, C.~L. and {Brown}, J.~C. and {Stil}, J.~M. and {Rae}, K. and {Mao}, S.~A. and {Gaensler}, B.~M. and {Shukurov}, A. and {Taylor}, A.~R. and {Haverkorn}, M. and {Kronberg}, P.~P. and {McClure-Griffiths}, N.~M.},
	Date-Added = {2017-02-03 14:42:54 +0000},
	Date-Modified = {2017-02-03 14:42:57 +0000},
	Doi = {10.1088/0004-637X/728/2/97},
	Eid = {97},
	Eprint = {1012.2938},
	Journal = {\apj},
	Keywords = {Galaxy: structure, ISM: magnetic fields, polarization},
	Month = feb,
	Pages = {97},
	Title = {{Modeling the Magnetic Field in the Galactic Disk Using New Rotation Measure Observations from the Very Large Array}},
	Volume = 728,
	Year = 2011,
	Bdsk-Url-1 = {http://dx.doi.org/10.1088/0004-637X/728/2/97}}

@article{Farnes14b,
	Adsnote = {Provided by the SAO/NASA Astrophysics Data System},
	Adsurl = {http://adsabs.harvard.edu/abs/2014ApJ...795...63F},
	Archiveprefix = {arXiv},
	Author = {{Farnes}, J.~S. and {O'Sullivan}, S.~P. and {Corrigan}, M.~E. and {Gaensler}, B.~M.},
	Date-Added = {2017-02-03 14:42:29 +0000},
	Date-Modified = {2020-09-29 11:19:12 -0400},
	Doi = {10.1088/0004-637X/795/1/63},
	Eid = {63},
	Eprint = {1406.2526},
	Journal = {\apj},
	Keywords = {galaxies: magnetic fields, magnetic fields, polarization, quasars: absorption lines, radio continuum: galaxies},
	Month = nov,
	Pages = {63},
	Title = {{Faraday Rotation from Magnesium II Absorbers toward Polarized Background Radio Sources}},
	Volume = 795,
	Year = 2014,
	Bdsk-Url-1 = {http://dx.doi.org/10.1088/0004-637X/795/1/63}}

@article{Brown07,
	Adsnote = {Provided by the SAO/NASA Astrophysics Data System},
	Adsurl = {http://adsabs.harvard.edu/abs/2007ApJ...663..258B},
	Archiveprefix = {arXiv},
	Author = {{Brown}, J.~C. and {Haverkorn}, M. and {Gaensler}, B.~M. and {Taylor}, A.~R. and {Bizunok}, N.~S. and {McClure-Griffiths}, N.~M. and {Dickey}, J.~M. and {Green}, A.~J.},
	Date-Added = {2017-02-03 14:41:41 +0000},
	Date-Modified = {2017-02-03 14:41:46 +0000},
	Doi = {10.1086/518499},
	Eprint = {0704.0458},
	Journal = {\apj},
	Keywords = {Galaxy: Structure, ISM: Magnetic Fields, Polarization},
	Month = jul,
	Pages = {258-266},
	Title = {{Rotation Measures of Extragalactic Sources behind the Southern Galactic Plane: New Insights into the Large-Scale Magnetic Field of the Inner Milky Way}},
	Volume = 663,
	Year = 2007,
	Bdsk-Url-1 = {http://dx.doi.org/10.1086/518499}}

@article{Giessubel13,
	Adsnote = {Provided by the SAO/NASA Astrophysics Data System},
	Adsurl = {http://adsabs.harvard.edu/abs/2013A%26A...559A..27G},
	Archiveprefix = {arXiv},
	Author = {{Gie{\ss}{\"u}bel}, R. and {Heald}, G. and {Beck}, R. and {Arshakian}, T.~G.},
	Date-Added = {2017-02-03 14:37:12 +0000},
	Date-Modified = {2017-02-03 14:37:21 +0000},
	Doi = {10.1051/0004-6361/201321765},
	Eid = {A27},
	Eprint = {1309.2539},
	Journal = {\aap},
	Keywords = {instrumentation: interferometers, techniques: polarimetric, galaxies: individual: M 31, galaxies: magnetic fields, radio continuum: galaxies},
	Month = nov,
	Pages = {A27},
	Title = {{Polarized synchrotron radiation from the Andromeda galaxy M 31 and background sources at 350 MHz}},
	Volume = 559,
	Year = 2013,
	Bdsk-Url-1 = {http://dx.doi.org/10.1051/0004-6361/201321765}}

@article{Stil14,
	Adsnote = {Provided by the SAO/NASA Astrophysics Data System},
	Adsurl = {http://adsabs.harvard.edu/abs/2014ApJ...787...99S},
	Archiveprefix = {arXiv},
	Author = {{Stil}, J.~M. and {Keller}, B.~W. and {George}, S.~J. and {Taylor}, A.~R.},
	Date-Added = {2017-02-01 15:55:25 +0000},
	Date-Modified = {2017-02-01 15:55:31 +0000},
	Doi = {10.1088/0004-637X/787/2/99},
	Eid = {99},
	Eprint = {1404.1859},
	Journal = {\apj},
	Keywords = {galaxies: statistics, magnetic fields, methods: data analysis, polarization, radio continuum: galaxies},
	Month = jun,
	Pages = {99},
	Title = {{Degree of Polarization and Source Counts of Faint Radio Sources from Stacking Polarized Intensity}},
	Volume = 787,
	Year = 2014,
	Bdsk-Url-1 = {http://dx.doi.org/10.1088/0004-637X/787/2/99}}

@article{Intema16,
	Adsnote = {Provided by the SAO/NASA Astrophysics Data System},
	Adsurl = {http://adsabs.harvard.edu/abs/2016arXiv160304368I},
	Archiveprefix = {arXiv},
	Author = {{Intema}, H.~T. and {Jagannathan}, P. and {Mooley}, K.~P. and {Frail}, D.~A.},
	Date-Added = {2017-01-31 15:27:46 +0000},
	Date-Modified = {2017-01-31 15:27:52 +0000},
	Eprint = {1603.04368},
	Journal = {ArXiv e-prints},
	Keywords = {Astrophysics - Cosmology and Nongalactic Astrophysics, Astrophysics - Instrumentation and Methods for Astrophysics},
	Month = mar,
	Title = {{The GMRT 150 MHz All-sky Radio Survey: First Alternative Data Release TGSS ADR1}},
	Year = 2016}

@article{Hamaker96,
	Abstract = {The measurement of polarized radiation uses entirely different methods at optical and radio wavelengths. As a result, the algebraic analysis of polarimeter performance differs and, in the case of radio interferometry, is unnecessarily complicated. We demonstrate that the mathematical operation of outer matrix multiplication provides the missing link between the two approaches. Within one coherent framework, we then unite the concepts of Stokes parameters and Wolf coherency matrix, the Jones and Mueller calculi from optics, and the techniques of radio interferometry based on multiplying correlators. We relate the polarization performance of a complete radio interferometer to the (matrix) polarization properties of its successive signal processing stages, providing a clear view of how a radio polarimeter works. Our treatment also clarifies the nature of and the relations between the various types of transformations used in optical polarimetry. We develop the analysis from the radio interferometrist's point of view, but include enough background for a wider audience. In a companion paper, we discuss in more detail the application to the calibration of radio interferometer systems; in a third paper we investigate the IAU (1973) radio definition of the Stokes parameters and its precise translation into mathematical form.},
	Author = {Hamaker, J. P. and Bregman, J. D. and Sault, R. J.},
	Date-Added = {2017-01-30 15:49:50 +0000},
	Date-Modified = {2017-01-30 15:49:54 +0000},
	Doi = {10.1051/aas:1996146},
	File = {:Users/clvaneck/Documents/Papers/Others/1996/Hamaker, Bregman, Sault{\_}Understanding radio polarimetry. I. Mathematical foundations.pdf:pdf},
	Isbn = {0365-0138},
	Issn = {0365-0138},
	Journal = {Astronomy and Astrophysics Supplement Series},
	Pages = {137--147},
	Title = {{Understanding radio polarimetry. I. Mathematical foundations}},
	Volume = {117},
	Year = {1996},
	Bdsk-Url-1 = {http://dx.doi.org/10.1051/aas:1996146}}

@article{Stil11,
	Adsnote = {Provided by the SAO/NASA Astrophysics Data System},
	Adsurl = {http://adsabs.harvard.edu/abs/2011ApJ...726....4S},
	Archiveprefix = {arXiv},
	Author = {{Stil}, J.~M. and {Taylor}, A.~R. and {Sunstrum}, C.},
	Date-Added = {2017-01-30 13:12:02 +0000},
	Date-Modified = {2017-01-30 13:12:06 +0000},
	Doi = {10.1088/0004-637X/726/1/4},
	Eid = {4},
	Eprint = {1010.5299},
	Journal = {\apj},
	Keywords = {ISM: magnetic fields, ISM: structure, radio continuum: ISM},
	Month = jan,
	Pages = {4},
	Title = {{Structure in the Rotation Measure Sky}},
	Volume = 726,
	Year = 2011,
	Bdsk-Url-1 = {http://dx.doi.org/10.1088/0004-637X/726/1/4}}

@article{VanEck17,
	Adsnote = {Provided by the SAO/NASA Astrophysics Data System},
	Adsurl = {http://adsabs.harvard.edu/abs/2017A%26A...597A..98V},
	Archiveprefix = {arXiv},
	Author = {{Van Eck}, C.~L. and {Haverkorn}, M. and {Alves}, M.~I.~R. and {Beck}, R. and {de Bruyn}, A.~G. and {En{\ss}lin}, T. and {Farnes}, J.~S. and {Ferri{\`e}re}, K. and {Heald}, G. and {Horellou}, C. and {Horneffer}, A. and {Iacobelli}, M. and {Jeli{\'c}}, V. and {Mart{\'{\i}}-Vidal}, I. and {Mulcahy}, D.~D. and {Reich}, W. and {R{\"o}ttgering}, H.~J.~A. and {Scaife}, A.~M.~M. and {Schnitzeler}, D.~H.~F.~M. and {Sobey}, C. and {Sridhar}, S.~S.},
	Date-Added = {2017-01-18 14:20:06 +0000},
	Date-Modified = {2017-01-18 14:20:13 +0000},
	Doi = {10.1051/0004-6361/201629707},
	Eid = {A98},
	Eprint = {1612.00710},
	Journal = {\aap},
	Keywords = {ISM: magnetic fields, ISM: clouds, polarization, local insterstellar matter, radio continuum: ISM},
	Month = jan,
	Pages = {A98},
	Title = {{Faraday tomography of the local interstellar medium with LOFAR: Galactic foregrounds towards IC 342}},
	Volume = 597,
	Year = 2017,
	Bdsk-Url-1 = {http://dx.doi.org/10.1051/0004-6361/201629707}}

@inproceedings{CASA,
	Adsnote = {Provided by the SAO/NASA Astrophysics Data System},
	Adsurl = {http://adsabs.harvard.edu/abs/2007ASPC..376..127M},
	Author = {{McMullin}, J.~P. and {Waters}, B. and {Schiebel}, D. and {Young}, W. and {Golap}, K.},
	Booktitle = {Astronomical Data Analysis Software and Systems XVI},
	Date-Added = {2017-01-17 12:10:52 +0000},
	Date-Modified = {2017-01-17 12:11:01 +0000},
	Editor = {{Shaw}, R.~A. and {Hill}, F. and {Bell}, D.~J.},
	Month = oct,
	Pages = {127},
	Series = {Astronomical Society of the Pacific Conference Series},
	Title = {{CASA Architecture and Applications}},
	Volume = 376,
	Year = 2007}

@article{Ipython,
	Author = {P\'erez, Fernando and Granger, Brian E.},
	Date-Added = {2017-01-06 12:28:22 +0000},
	Date-Modified = {2017-01-06 12:28:25 +0000},
	Doi = {10.1109/MCSE.2007.53},
	Issn = {1521-9615},
	Journal = {Computing in Science and Engineering},
	Month = may,
	Number = {3},
	Pages = {21--29},
	Publisher = {IEEE Computer Society},
	Title = {{IP}ython: a System for Interactive Scientific Computing},
	Url = {http://ipython.org},
	Volume = {9},
	Year = 2007,
	Bdsk-Url-1 = {http://ipython.org},
	Bdsk-Url-2 = {http://dx.doi.org/10.1109/MCSE.2007.53}}

@article{Matplotlib,
	Abstract = {Matplotlib is a 2D graphics package used for Python
  for application development, interactive scripting, and
  publication-quality image generation across user
  interfaces and operating systems.},
	Author = {Hunter, J. D.},
	Date-Added = {2017-01-06 12:25:48 +0000},
	Date-Modified = {2017-01-06 12:25:52 +0000},
	Doi = {10.1109/MCSE.2007.55},
	Journal = {Computing In Science \& Engineering},
	Number = {3},
	Pages = {90--95},
	Publisher = {IEEE COMPUTER SOC},
	Title = {Matplotlib: A 2D graphics environment},
	Volume = {9},
	Year = 2007,
	Bdsk-Url-1 = {http://dx.doi.org/10.1109/MCSE.2007.55}}

@article{Astropy,
	Adsnote = {Provided by the SAO/NASA Astrophysics Data System},
	Adsurl = {http://adsabs.harvard.edu/abs/2013A%26A...558A..33A},
	Archiveprefix = {arXiv},
	Author = {{Astropy Collaboration} and {Robitaille}, T.~P. and {Tollerud}, E.~J. and {Greenfield}, P. and {Droettboom}, M. and {Bray}, E. and {Aldcroft}, T. and {Davis}, M. and {Ginsburg}, A. and {Price-Whelan}, A.~M. and {Kerzendorf}, W.~E. and {Conley}, A. and {Crighton}, N. and {Barbary}, K. and {Muna}, D. and {Ferguson}, H. and {Grollier}, F. and {Parikh}, M.~M. and {Nair}, P.~H. and {Unther}, H.~M. and {Deil}, C. and {Woillez}, J. and {Conseil}, S. and {Kramer}, R. and {Turner}, J.~E.~H. and {Singer}, L. and {Fox}, R. and {Weaver}, B.~A. and {Zabalza}, V. and {Edwards}, Z.~I. and {Azalee Bostroem}, K. and {Burke}, D.~J. and {Casey}, A.~R. and {Crawford}, S.~M. and {Dencheva}, N. and {Ely}, J. and {Jenness}, T. and {Labrie}, K. and {Lim}, P.~L. and {Pierfederici}, F. and {Pontzen}, A. and {Ptak}, A. and {Refsdal}, B. and {Servillat}, M. and {Streicher}, O.},
	Date-Added = {2017-01-06 12:18:57 +0000},
	Date-Modified = {2017-01-06 12:19:07 +0000},
	Doi = {10.1051/0004-6361/201322068},
	Eid = {A33},
	Eprint = {1307.6212},
	Journal = {\aap},
	Keywords = {methods: data analysis, methods: miscellaneous, virtual observatory tools},
	Month = oct,
	Pages = {A33},
	Primaryclass = {astro-ph.IM},
	Title = {{Astropy: A community Python package for astronomy}},
	Volume = 558,
	Year = 2013,
	Bdsk-Url-1 = {http://dx.doi.org/10.1051/0004-6361/201322068}}

@article{NE2001,
	Adsnote = {Provided by the SAO/NASA Astrophysics Data System},
	Adsurl = {http://adsabs.harvard.edu/abs/2002astro.ph..7156C},
	Author = {{Cordes}, J.~M. and {Lazio}, T.~J.~W.},
	Date-Added = {2016-11-02 12:59:37 +0000},
	Date-Modified = {2016-11-02 12:59:42 +0000},
	Eprint = {astro-ph/0207156},
	Journal = {ArXiv Astrophysics e-prints},
	Keywords = {Astrophysics},
	Month = jul,
	Title = {{NE2001.I. A New Model for the Galactic Distribution of Free Electrons and its Fluctuations}},
	Year = 2002}

@article{Jenkins13,
	Adsnote = {Provided by the SAO/NASA Astrophysics Data System},
	Adsurl = {http://adsabs.harvard.edu/abs/2013ApJ...764...25J},
	Archiveprefix = {arXiv},
	Author = {{Jenkins}, E.~B.},
	Doi = {10.1088/0004-637X/764/1/25},
	Eid = {25},
	Eprint = {1301.3144},
	Journal = {\apj},
	Keywords = {ISM: atoms, ISM: general, ISM: lines and bands, local interstellar matter, techniques: spectroscopic},
	Month = feb,
	Pages = {25},
	Primaryclass = {astro-ph.GA},
	Title = {{The Fractional Ionization of the Warm Neutral Interstellar Medium}},
	Volume = 764,
	Year = 2013,
	Bdsk-Url-1 = {http://dx.doi.org/10.1088/0004-637X/764/1/25}}

@article{Wolfire95,
	Adsnote = {Provided by the SAO/NASA Astrophysics Data System},
	Adsurl = {http://adsabs.harvard.edu/abs/1995ApJ...443..152W},
	Author = {{Wolfire}, M.~G. and {Hollenbach}, D. and {McKee}, C.~F. and {Tielens}, A.~G.~G.~M. and {Bakes}, E.~L.~O.},
	Doi = {10.1086/175510},
	Journal = {\apj},
	Keywords = {Atomic Energy Levels, Gas Heating, Gas Temperature, Interstellar Matter, Ion Production Rates, Thermodynamic Equilibrium, Abundance, Cosmic Background Explorer Satellite, Cosmic X Rays, Metallicity, Particle Size Distribution, Phase Diagrams, Photoelectric Effect, Polycyclic Aromatic Hydrocarbons, Radiation Distribution},
	Month = apr,
	Pages = {152-168},
	Title = {{The neutral atomic phases of the interstellar medium}},
	Volume = 443,
	Year = 1995,
	Bdsk-Url-1 = {http://dx.doi.org/10.1086/175510}}

@article{Ferriere01,
	Adsnote = {Provided by the SAO/NASA Astrophysics Data System},
	Adsurl = {http://adsabs.harvard.edu/abs/2001RvMP...73.1031F},
	Author = {{Ferri{\`e}re}, K.~M.},
	Doi = {10.1103/RevModPhys.73.1031},
	Eprint = {astro-ph/0106359},
	Journal = {Reviews of Modern Physics},
	Month = oct,
	Pages = {1031-1066},
	Title = {{The interstellar environment of our galaxy}},
	Volume = 73,
	Year = 2001,
	Bdsk-Url-1 = {http://dx.doi.org/10.1103/RevModPhys.73.1031}}

@article{Pratley2016,
	Adsnote = {Provided by the SAO/NASA Astrophysics Data System},
	Adsurl = {http://adsabs.harvard.edu/abs/2016MNRAS.462.3483P},
	Archiveprefix = {arXiv},
	Author = {{Pratley}, L. and {Johnston-Hollitt}, M.},
	Date-Added = {2016-09-12 13:13:54 +0000},
	Date-Modified = {2018-09-17 10:38:37 -0400},
	Doi = {10.1093/mnras/stw1377},
	Eprint = {1606.01482},
	Journal = {\mnras},
	Keywords = {polarization, techniques: interferometric, techniques: polarimetric},
	Month = nov,
	Pages = {3483-3501},
	Primaryclass = {astro-ph.IM},
	Title = {{An improved method for polarimetric image restoration in interferometry}},
	Volume = 462,
	Year = 2016,
	Bdsk-Url-1 = {http://dx.doi.org/10.1093/mnras/stw1377}}

@article{Oppermann14,
	Archiveprefix = {arXiv},
	Arxivid = {arXiv:1404.3701v1},
	Author = {Oppermann, N. and Junklewitz, H. and Greiner, M. and En{\ss}lin, T. a. and Akahori, T. and Carretti, E. and Gaensler, B. M. and Goobar, a. and Harvey-Smith, L. and Johnston-Hollitt, M. and Pratley, L. and Schnitzeler, D. H. F. M. and Stil, J. M. and Vacca, V.},
	Date-Modified = {2016-09-01 14:38:37 +0000},
	Eprint = {arXiv:1404.3701v1},
	Journal = {\aap},
	Pages = {1--33},
	Title = {{Estimating Extragalactic Faraday Rotation}},
	Year = {2014}}

@article{Lenc16,
	Adsnote = {Provided by the SAO/NASA Astrophysics Data System},
	Adsurl = {http://adsabs.harvard.edu/abs/2016ApJ...830...38L},
	Archiveprefix = {arXiv},
	Author = {{Lenc}, E. and {Gaensler}, B.~M. and {Sun}, X.~H. and {Sadler}, E.~M. and {Willis}, A.~G. and {Barry}, N. and {Beardsley}, A.~P. and {Bell}, M.~E. and {Bernardi}, G. and {Bowman}, J.~D. and {Briggs}, F. and {Callingham}, J.~R. and {Cappallo}, R.~J. and {Carroll}, P. and {Corey}, B.~E. and {de Oliveira-Costa}, A. and {Deshpande}, A.~A. and {Dillon}, J.~S. and {Dwarkanath}, K.~S. and {Emrich}, D. and {Ewall-Wice}, A. and {Feng}, L. and {For}, B.-Q. and {Goeke}, R. and {Greenhill}, L.~J. and {Hancock}, P. and {Hazelton}, B.~J. and {Hewitt}, J.~N. and {Hindson}, L. and {Hurley-Walker}, N. and {Johnston-Hollitt}, M. and {Jacobs}, D.~C. and {Kapi{\'n}ska}, A.~D. and {Kaplan}, D.~L. and {Kasper}, J.~C. and {Kim}, H.-S. and {Kratzenberg}, E. and {Line}, J. and {Loeb}, A. and {Lonsdale}, C.~J. and {Lynch}, M.~J. and {McKinley}, B. and {McWhirter}, S.~R. and {Mitchell}, D.~A. and {Morales}, M.~F. and {Morgan}, E. and {Morgan}, J. and {Murphy}, T. and {Neben}, A.~R. and {Oberoi}, D. and {Offringa}, A.~R. and {Ord}, S.~M. and {Paul}, S. and {Pindor}, B. and {Pober}, J.~C. and {Prabu}, T. and {Procopio}, P. and {Riding}, J. and {Rogers}, A.~E.~E. and {Roshi}, A. and {Udaya Shankar}, N. and {Sethi}, S.~K. and {Srivani}, K.~S. and {Staveley-Smith}, L. and {Subrahmanyan}, R. and {Sullivan}, I.~S. and {Tegmark}, M. and {Thyagarajan}, N. and {Tingay}, S.~J. and {Trott}, C. and {Waterson}, M. and {Wayth}, R.~B. and {Webster}, R.~L. and {Whitney}, A.~R. and {Williams}, A. and {Williams}, C.~L. and {Wu}, C. and {Wyithe}, J.~S.~B. and {Zheng}, Q.},
	Doi = {10.3847/0004-637X/830/1/38},
	Eid = {38},
	Eprint = {1607.05779},
	Journal = {\apj},
	Keywords = {ISM: magnetic fields, ISM: structure, magnetic fields, polarization, radio continuum: ISM, techniques: polarimetric},
	Month = oct,
	Pages = {38},
	Title = {{Low-frequency Observations of Linearly Polarized Structures in the Interstellar Medium near the South Galactic Pole}},
	Volume = 830,
	Year = 2016,
	Bdsk-Url-1 = {http://dx.doi.org/10.3847/0004-637X/830/1/38}}

@article{Haverkorn04,
	Author = {Haverkorn, M and Katgert, P and de Bruyn, a. G},
	Date-Modified = {2016-09-01 14:38:06 +0000},
	Doi = {10.1051/0004-6361:200400042},
	Issn = {00046361},
	Journal = {\aap},
	Pages = {12},
	Title = {{Properties of the warm magnetized ISM, as inferred from WSRT polarimetric imaging}},
	Url = {http://arxiv.org/abs/astro-ph/0406557},
	Volume = {427},
	Year = {2004},
	Bdsk-Url-1 = {http://arxiv.org/abs/astro-ph/0406557},
	Bdsk-Url-2 = {http://dx.doi.org/10.1051/0004-6361:200400042}}

@article{Gray98,
	Adsnote = {Provided by the SAO/NASA Astrophysics Data System},
	Adsurl = {http://adsabs.harvard.edu/abs/1998Natur.393..660G},
	Author = {{Gray}, A.~D. and {Landecker}, T.~L. and {Dewdney}, P.~E. and {Taylor}, A.~R.},
	Doi = {10.1038/31413},
	Journal = {\nat},
	Month = jun,
	Pages = {660-662},
	Title = {{A large-scale, interstellar Faraday-rotation feature of unknown origin}},
	Volume = 393,
	Year = 1998,
	Bdsk-Url-1 = {http://dx.doi.org/10.1038/31413}}

@article{Tribble91,
	Author = {Tribble, P. C.},
	Date-Modified = {2016-09-01 14:39:05 +0000},
	Journal = {\mnras},
	Pages = {726--736},
	Title = {{Depolarization of extended radio sources by a foreground Faraday screen}},
	Volume = {250},
	Year = {1991}}

@article{Wieringa93,
	Adsnote = {Provided by the SAO/NASA Astrophysics Data System},
	Adsurl = {http://adsabs.harvard.edu/abs/1993A%26A...268..215W},
	Author = {{Wieringa}, M.~H. and {de Bruyn}, A.~G. and {Jansen}, D. and {Brouw}, W.~N. and {Katgert}, P.},
	Journal = {\aap},
	Keywords = {Polarized Electromagnetic Radiation, Radio Galaxies, Radio Spectra, Synchrotron Radiation, Astronomical Models, Brightness Temperature, Radio Emission},
	Month = feb,
	Pages = {215-229},
	Title = {{Small scale polarization structure in the diffuse galactic emission at 325 MHz}},
	Volume = 268,
	Year = 1993}

@report{WMM15,
	Author = {{Chulliat}, A. and S. {Macmillan} and P. {Alken} and C. {Beggan} and M. {Nair} and B. {Hamilton} and A. {Woods} and V. {Ridley} and S. {Maus} and A. {Thomson}},
	Doi = {10.7289/V5TB14V7},
	Publisher = {National Geophysical Data Center},
	Title = {The US/UK World Magnetic Model for 2015-2020},
	Url = {http://dx.doi.org/10.7289/V5TB14V7},
	Year = {2015},
	Bdsk-Url-1 = {http://dx.doi.org/10.7289/V5TB14V7}}

@book{Tielenstextbook,
	Adsnote = {Provided by the SAO/NASA Astrophysics Data System},
	Adsurl = {http://adsabs.harvard.edu/abs/2010pcim.book.....T},
	Author = {{Tielens}, A.~G.~G.~M.},
	Booktitle = {The Physics and Chemistry of the Interstellar Medium, by A.~G.~G.~M.~Tielens, Cambridge, UK: Cambridge University Press, 2010},
	Month = aug,
	Publisher = {Cambridge University Press},
	Title = {{The Physics and Chemistry of the Interstellar Medium}},
	Year = 2010}

@article{Schnitzeler2015b,
	Adsnote = {Provided by the SAO/NASA Astrophysics Data System},
	Adsurl = {http://adsabs.harvard.edu/abs/2015MNRAS.450.3579S},
	Archiveprefix = {arXiv},
	Author = {{Schnitzeler}, D.~H.~F.~M. and {Banfield}, J.~K. and {Lee}, K.~J.},
	Doi = {10.1093/mnras/stv708},
	Eprint = {1504.00017},
	Journal = {\mnras},
	Keywords = {magnetic fields, polarization, galaxies: ISM, galaxies: jets, galaxies: magnetic fields},
	Month = jul,
	Pages = {3579-3596},
	Title = {{Polarization signatures of unresolved radio sources}},
	Volume = 450,
	Year = 2015,
	Bdsk-Url-1 = {http://dx.doi.org/10.1093/mnras/stv708}}

@article{Sokoloff98,
	Adsnote = {Provided by the SAO/NASA Astrophysics Data System},
	Adsurl = {http://adsabs.harvard.edu/abs/1998MNRAS.299..189S},
	Author = {{Sokoloff}, D.~D. and {Bykov}, A.~A. and {Shukurov}, A. and {Berkhuijsen}, E.~M. and {Beck}, R. and {Poezd}, A.~D.},
	Doi = {10.1046/j.1365-8711.1998.01782.x},
	Journal = {\mnras},
	Keywords = {MAGNETIC FIELDS, POLARIZATION, RADIATION MECHANISMS: NON-THERMAL, GALAXIES: ISM, GALAXIES: SPIRAL, RADIO CONTINUUM: GENERAL},
	Month = aug,
	Pages = {189-206},
	Title = {{Depolarization and Faraday effects in galaxies}},
	Volume = 299,
	Year = 1998,
	Bdsk-Url-1 = {http://dx.doi.org/10.1046/j.1365-8711.1998.01782.x}}

@book{Drainetextbook,
	Adsnote = {Provided by the SAO/NASA Astrophysics Data System},
	Adsurl = {http://adsabs.harvard.edu/abs/2011piim.book.....D},
	Author = {{Draine}, B.~T.},
	Booktitle = {Physics of the Interstellar and Intergalactic Medium by Bruce T.~Draine.~Princeton University Press, 2011.~ISBN: 978-0-691-12214-4},
	Publisher = {Princeton University Press},
	Title = {{Physics of the Interstellar and Intergalactic Medium}},
	Year = 2011}

@article{Remazeilles15,
	Adsnote = {Provided by the SAO/NASA Astrophysics Data System},
	Adsurl = {http://adsabs.harvard.edu/abs/2015MNRAS.451.4311R},
	Archiveprefix = {arXiv},
	Author = {{Remazeilles}, M. and {Dickinson}, C. and {Banday}, A.~J. and {Bigot-Sazy}, M.-A. and {Ghosh}, T.},
	Date-Added = {2016-07-13 13:47:19 +0000},
	Date-Modified = {2016-07-13 13:47:29 +0000},
	Doi = {10.1093/mnras/stv1274},
	Eprint = {1411.3628},
	Journal = {\mnras},
	Keywords = {methods: data analysis, techniques: image processing, diffuse radiation, radio continuum: general},
	Month = aug,
	Pages = {4311-4327},
	Primaryclass = {astro-ph.IM},
	Title = {{An improved source-subtracted and destriped 408-MHz all-sky map}},
	Volume = 451,
	Year = 2015,
	Bdsk-Url-1 = {http://dx.doi.org/10.1093/mnras/stv1274}}

@article{Beck05,
	Adsnote = {Provided by the SAO/NASA Astrophysics Data System},
	Adsurl = {http://adsabs.harvard.edu/abs/2005AN....326..414B},
	Author = {{Beck}, R. and {Krause}, M.},
	Doi = {10.1002/asna.200510366},
	Eprint = {astro-ph/0507367},
	Journal = {Astronomische Nachrichten},
	Keywords = {ISM: magnetic fields, supernova remnants, galaxies: active, galaxies: clusters: general, galaxies: magnetic fields, radio continuum: general},
	Month = jul,
	Pages = {414-427},
	Title = {{Revised equipartition and minimum energy formula for magnetic field strength estimates from radio synchrotron observations}},
	Volume = 326,
	Year = 2005,
	Bdsk-Url-1 = {http://dx.doi.org/10.1002/asna.200510366}}

@article{Wolleben10,
	Adsnote = {Provided by the SAO/NASA Astrophysics Data System},
	Adsurl = {http://adsabs.harvard.edu/abs/2010ApJ...724L..48W},
	Archiveprefix = {arXiv},
	Author = {{Wolleben}, M. and {Fletcher}, A. and {Landecker}, T.~L. and {Carretti}, E. and {Dickey}, J.~M. and {Gaensler}, B.~M. and {Haverkorn}, M. and {McClure-Griffiths}, N. and {Reich}, W. and {Taylor}, A.~R.},
	Doi = {10.1088/2041-8205/724/1/L48},
	Eprint = {1011.0341},
	Journal = {\apjl},
	Keywords = {Galaxy: halo, ISM: bubbles, ISM: magnetic fields, magnetic fields, polarization},
	Month = nov,
	Pages = {L48-L52},
	Primaryclass = {astro-ph.GA},
	Title = {{Antisymmetry in the Faraday Rotation Sky Caused by a Nearby Magnetized Bubble}},
	Volume = 724,
	Year = 2010,
	Bdsk-Url-1 = {http://dx.doi.org/10.1088/2041-8205/724/1/L48}}

@article{Gao15,
	Adsnote = {Provided by the SAO/NASA Astrophysics Data System},
	Adsurl = {http://adsabs.harvard.edu/abs/2015A%26A...578A..24G},
	Archiveprefix = {arXiv},
	Author = {{Gao}, X.~Y. and {Reich}, W. and {Reich}, P. and {Han}, J.~L. and {Kothes}, R.},
	Doi = {10.1051/0004-6361/201424952},
	Eid = {A24},
	Eprint = {1504.00142},
	Journal = {\aap},
	Keywords = {ISM: magnetic fields, radio continuum: ISM, ISM: individual objects: W4 superbubble},
	Month = jun,
	Pages = {A24},
	Title = {{Magnetic fields of the W4 superbubble}},
	Volume = 578,
	Year = 2015,
	Bdsk-Url-1 = {http://dx.doi.org/10.1051/0004-6361/201424952}}

@book{Rybicki85,
	Adsnote = {Provided by the SAO/NASA Astrophysics Data System},
	Adsurl = {http://adsabs.harvard.edu/abs/1985rpa..book.....R},
	Author = {{Rybicki}, G.~B. and {Lightman}, A.~P.},
	Booktitle = {Radiative processes in astrophysics..~G.~B.~Rybicki, A.~P.~Lightman.John Wiley {\amp} Sons, Chichester - New York - Brisbane - Toronto - Singapore.~382 pp.~Price US$ 19.95 paper(1985). ISBN 0-471-82759-2. For the hardcover edition see 26.003.119.},
	Publisher = {John Wiley \& Sons},
	Title = {{Radiative processes in astrophysics.}},
	Year = 1985}

@inproceedings{Wrobel99,
	Archiveprefix = {arXiv},
	Arxivid = {arXiv:1011.1669v3},
	Author = {Wrobel, J.{\~{}}M. J.M. and Walker, R.{\~{}}C. R.C.},
	Booktitle = {Synthesis Imaging in Radio Astronomy II},
	Doi = {10.1017/CBO9781107415324.004},
	Editor = {Taylor, G.{\~{}}B. and Carilli, C.{\~{}}L. and Perley, R.{\~{}}A.},
	Eprint = {arXiv:1011.1669v3},
	Isbn = {9788578110796},
	Issn = {1098-6596},
	Keywords = {icle},
	Pages = {171},
	Pmid = {25246403},
	Series = {Astronomical Society of the Pacific Conference Series},
	Title = {{Sensitivity}},
	Volume = {180},
	Year = {1999},
	Bdsk-Url-1 = {http://dx.doi.org/10.1017/CBO9781107415324.004}}

@article{Bovy16,
	Adsnote = {Provided by the SAO/NASA Astrophysics Data System},
	Adsurl = {http://adsabs.harvard.edu/abs/2016ApJ...818..130B},
	Archiveprefix = {arXiv},
	Author = {{Bovy}, J. and {Rix}, H.-W. and {Green}, G.~M. and {Schlafly}, E.~F. and {Finkbeiner}, D.~P.},
	Doi = {10.3847/0004-637X/818/2/130},
	Eid = {130},
	Eprint = {1509.06751},
	Journal = {\apj},
	Keywords = {dust, extinction, Galaxy: kinematics and dynamics, Galaxy: structure, methods: data analysis, stars: statistics, surveys},
	Month = feb,
	Pages = {130},
	Title = {{On Galactic Density Modeling in the Presence of Dust Extinction}},
	Volume = 818,
	Year = 2016,
	Bdsk-Url-1 = {http://dx.doi.org/10.3847/0004-637X/818/2/130}}

@article{Green15,
	Adsnote = {Provided by the SAO/NASA Astrophysics Data System},
	Adsurl = {http://adsabs.harvard.edu/abs/2015ApJ...810...25G},
	Archiveprefix = {arXiv},
	Author = {{Green}, G.~M. and {Schlafly}, E.~F. and {Finkbeiner}, D.~P. and {Rix}, H.-W. and {Martin}, N. and {Burgett}, W. and {Draper}, P.~W. and {Flewelling}, H. and {Hodapp}, K. and {Kaiser}, N. and {Kudritzki}, R.~P. and {Magnier}, E. and {Metcalfe}, N. and {Price}, P. and {Tonry}, J. and {Wainscoat}, R.},
	Doi = {10.1088/0004-637X/810/1/25},
	Eid = {25},
	Eprint = {1507.01005},
	Journal = {\apj},
	Keywords = {dust, extinction, Galaxy: structure, methods: statistical},
	Month = sep,
	Pages = {25},
	Title = {{A Three-dimensional Map of Milky Way Dust}},
	Volume = 810,
	Year = 2015,
	Bdsk-Url-1 = {http://dx.doi.org/10.1088/0004-637X/810/1/25}}

@article{Sotomayor13,
	Adsnote = {Provided by the SAO/NASA Astrophysics Data System},
	Adsurl = {http://adsabs.harvard.edu/abs/2013A%26A...552A..58S},
	Archiveprefix = {arXiv},
	Author = {{Sotomayor-Beltran}, C. and {Sobey}, C. and {Hessels}, J.~W.~T. and {de Bruyn}, G. and {Noutsos}, A. and {Alexov}, A. and {Anderson}, J. and {Asgekar}, A. and {Avruch}, I.~M. and {Beck}, R. and {Bell}, M.~E. and {Bell}, M.~R. and {Bentum}, M.~J. and {Bernardi}, G. and {Best}, P. and {Birzan}, L. and {Bonafede}, A. and {Breitling}, F. and {Broderick}, J. and {Brouw}, W.~N. and {Br{\"u}ggen}, M. and {Ciardi}, B. and {de Gasperin}, F. and {Dettmar}, R.-J. and {van Duin}, A. and {Duscha}, S. and {Eisl{\"o}ffel}, J. and {Falcke}, H. and {Fallows}, R.~A. and {Fender}, R. and {Ferrari}, C. and {Frieswijk}, W. and {Garrett}, M.~A. and {Grie{\ss}meier}, J. and {Grit}, T. and {Gunst}, A.~W. and {Hassall}, T.~E. and {Heald}, G. and {Hoeft}, M. and {Horneffer}, A. and {Iacobelli}, M. and {Juette}, E. and {Karastergiou}, A. and {Keane}, E. and {Kohler}, J. and {Kramer}, M. and {Kondratiev}, V.~I. and {Koopmans}, L.~V.~E. and {Kuniyoshi}, M. and {Kuper}, G. and {van Leeuwen}, J. and {Maat}, P. and {Macario}, G. and {Markoff}, S. and {McKean}, J.~P. and {Mulcahy}, D.~D. and {Munk}, H. and {Orru}, E. and {Paas}, H. and {Pandey-Pommier}, M. and {Pilia}, M. and {Pizzo}, R. and {Polatidis}, A.~G. and {Reich}, W. and {R{\"o}ttgering}, H. and {Serylak}, M. and {Sluman}, J. and {Stappers}, B.~W. and {Tagger}, M. and {Tang}, Y. and {Tasse}, C. and {ter Veen}, S. and {Vermeulen}, R. and {van Weeren}, R.~J. and {Wijers}, R.~A.~M.~J. and {Wijnholds}, S.~J. and {Wise}, M.~W. and {Wucknitz}, O. and {Yatawatta}, S. and {Zarka}, P.},
	Doi = {10.1051/0004-6361/201220728},
	Eid = {A58},
	Eprint = {1303.6230},
	Journal = {\aap},
	Keywords = {polarization, techniques: polarimetric},
	Month = apr,
	Pages = {A58},
	Primaryclass = {astro-ph.IM},
	Title = {{Calibrating high-precision Faraday rotation measurements for LOFAR and the next generation of low-frequency radio telescopes}},
	Volume = 552,
	Year = 2013,
	Bdsk-Url-1 = {http://dx.doi.org/10.1051/0004-6361/201220728}}

@article{Spangler09,
	Adsnote = {Provided by the SAO/NASA Astrophysics Data System},
	Adsurl = {http://adsabs.harvard.edu/abs/2009SSRv..143..277S},
	Archiveprefix = {arXiv},
	Author = {{Spangler}, S.~R.},
	Doi = {10.1007/s11214-008-9391-7},
	Eprint = {0802.2260},
	Journal = {\ssr},
	Month = mar,
	Pages = {277-290},
	Title = {{Plasma Turbulence in the Local Bubble}},
	Volume = 143,
	Year = 2009,
	Bdsk-Url-1 = {http://dx.doi.org/10.1007/s11214-008-9391-7}}

@article{Brentjens11,
	Adsnote = {Provided by the SAO/NASA Astrophysics Data System},
	Adsurl = {http://adsabs.harvard.edu/abs/2011A%26A...526A...9B},
	Archiveprefix = {arXiv},
	Author = {{Brentjens}, M.~A.},
	Doi = {10.1051/0004-6361/201015319},
	Eid = {A9},
	Eprint = {1011.0854},
	Journal = {\aap},
	Keywords = {radio continuum: ISM, galaxies: clusters: individual:, Perseus cluster, ISM: magnetic fields, polarization, techniques: polarimetric},
	Month = feb,
	Pages = {A9},
	Title = {{Wide field polarimetry around the Perseus cluster at 350 MHz}},
	Volume = 526,
	Year = 2011,
	Bdsk-Url-1 = {http://dx.doi.org/10.1051/0004-6361/201015319}}

@article{Jelic15,
	Adsnote = {Provided by the SAO/NASA Astrophysics Data System},
	Adsurl = {http://adsabs.harvard.edu/abs/2015A%26A...583A.137J},
	Archiveprefix = {arXiv},
	Author = {{Jeli{\'c}}, V. and {de Bruyn}, A.~G. and {Pandey}, V.~N. and {Mevius}, M. and {Haverkorn}, M. and {Brentjens}, M.~A. and {Koopmans}, L.~V.~E. and {Zaroubi}, S. and {Abdalla}, F.~B. and {Asad}, K.~M.~B. and {Bus}, S. and {Chapman}, E. and {Ciardi}, B. and {Fernandez}, E.~R. and {Ghosh}, A. and {Harker}, G. and {Iliev}, I.~T. and {Jensen}, H. and {Kazemi}, S. and {Mellema}, G. and {Offringa}, A.~R. and {Patil}, A.~H. and {Vedantham}, H.~K. and {Yatawatta}, S.},
	Doi = {10.1051/0004-6361/201526638},
	Eid = {A137},
	Eprint = {1508.06650},
	Journal = {\aap},
	Keywords = {ISM: general, ISM: magnetic fields, ISM: structure, radio continuum: ISM, techniques: interferometric, techniques: polarimetric},
	Month = nov,
	Pages = {A137},
	Title = {{Linear polarization structures in LOFAR observations of the interstellar medium in the 3C 196 field}},
	Volume = 583,
	Year = 2015,
	Bdsk-Url-1 = {http://dx.doi.org/10.1051/0004-6361/201526638}}

@article{Jelic14,
	Adsnote = {Provided by the SAO/NASA Astrophysics Data System},
	Adsurl = {http://adsabs.harvard.edu/abs/2014A%26A...568A.101J},
	Archiveprefix = {arXiv},
	Author = {{Jeli{\'c}}, V. and {de Bruyn}, A.~G. and {Mevius}, M. and {Abdalla}, F.~B. and {Asad}, K.~M.~B. and {Bernardi}, G. and {Brentjens}, M.~A. and {Bus}, S. and {Chapman}, E. and {Ciardi}, B. and {Daiboo}, S. and {Fernandez}, E.~R. and {Ghosh}, A. and {Harker}, G. and {Jensen}, H. and {Kazemi}, S. and {Koopmans}, L.~V.~E. and {Labropoulos}, P. and {Martinez-Rubi}, O. and {Mellema}, G. and {Offringa}, A.~R. and {Pandey}, V.~N. and {Patil}, A.~H. and {Thomas}, R.~M. and {Vedantham}, H.~K. and {Veligatla}, V. and {Yatawatta}, S. and {Zaroubi}, S. and {Alexov}, A. and {Anderson}, J. and {Avruch}, I.~M. and {Beck}, R. and {Bell}, M.~E. and {Bentum}, M.~J. and {Best}, P. and {Bonafede}, A. and {Bregman}, J. and {Breitling}, F. and {Broderick}, J. and {Brouw}, W.~N. and {Br{\"u}ggen}, M. and {Butcher}, H.~R. and {Conway}, J.~E. and {de Gasperin}, F. and {de Geus}, E. and {Deller}, A. and {Dettmar}, R.-J. and {Duscha}, S. and {Eisl{\"o}ffel}, J. and {Engels}, D. and {Falcke}, H. and {Fallows}, R.~A. and {Fender}, R. and {Ferrari}, C. and {Frieswijk}, W. and {Garrett}, M.~A. and {Grie{\ss}meier}, J. and {Gunst}, A.~W. and {Hamaker}, J.~P. and {Hassall}, T.~E. and {Haverkorn}, M. and {Heald}, G. and {Hessels}, J.~W.~T. and {Hoeft}, M. and {H{\"o}randel}, J. and {Horneffer}, A. and {van der Horst}, A. and {Iacobelli}, M. and {Juette}, E. and {Karastergiou}, A. and {Kondratiev}, V.~I. and {Kramer}, M. and {Kuniyoshi}, M. and {Kuper}, G. and {van Leeuwen}, J. and {Maat}, P. and {Mann}, G. and {McKay-Bukowski}, D. and {McKean}, J.~P. and {Munk}, H. and {Nelles}, A. and {Norden}, M.~J. and {Paas}, H. and {Pandey-Pommier}, M. and {Pietka}, G. and {Pizzo}, R. and {Polatidis}, A.~G. and {Reich}, W. and {R{\"o}ttgering}, H. and {Rowlinson}, A. and {Scaife}, A.~M.~M. and {Schwarz}, D. and {Serylak}, M. and {Smirnov}, O. and {Steinmetz}, M. and {Stewart}, A. and {Tagger}, M. and {Tang}, Y. and {Tasse}, C. and {ter Veen}, S. and {Thoudam}, S. and {Toribio}, C. and {Vermeulen}, R. and {Vocks}, C. and {van Weeren}, R.~J. and {Wijers}, R.~A.~M.~J. and {Wijnholds}, S.~J. and {Wucknitz}, O. and {Zarka}, P.},
	Doi = {10.1051/0004-6361/201423998},
	Eid = {A101},
	Eprint = {1407.2093},
	Journal = {\aap},
	Keywords = {radio continuum: ISM, techniques: interferometric, techniques: polarimetric, cosmology: observations, diffuse radiation, dark ages, reionization, first stars},
	Month = aug,
	Pages = {A101},
	Title = {{Initial LOFAR observations of epoch of reionization windows. II. Diffuse polarized emission in the ELAIS-N1 field}},
	Volume = 568,
	Year = 2014,
	Bdsk-Url-1 = {http://dx.doi.org/10.1051/0004-6361/201423998}}

@article{Brouw76,
	Adsnote = {Provided by the SAO/NASA Astrophysics Data System},
	Adsurl = {http://adsabs.harvard.edu/abs/1976A%26AS...26..129B},
	Author = {{Brouw}, W.~N. and {Spoelstra}, T.~A.~T.},
	Journal = {\aaps},
	Month = oct,
	Pages = {129},
	Title = {{Linear polarization of the galactic background at frequencies between 408 and 1411 MHz. Reductions.}},
	Volume = 26,
	Year = 1976}

@article{Vergely10,
	Adsnote = {Provided by the SAO/NASA Astrophysics Data System},
	Adsurl = {http://adsabs.harvard.edu/abs/2010A%26A...518A..31V},
	Archiveprefix = {arXiv},
	Author = {{Vergely}, J.-L. and {Valette}, B. and {Lallement}, R. and {Raimond}, S.},
	Doi = {10.1051/0004-6361/200913962},
	Eid = {A31},
	Eprint = {1002.4578},
	Journal = {\aap},
	Keywords = {ISM: clouds, dust, extinction, local insterstellar matter},
	Month = jul,
	Pages = {A31},
	Title = {{Spatial distribution of interstellar dust in the Sun's vicinity. Comparison with neutral sodium-bearing gas}},
	Volume = 518,
	Year = 2010,
	Bdsk-Url-1 = {http://dx.doi.org/10.1051/0004-6361/200913962}}

@article{Lallement03,
	Adsnote = {Provided by the SAO/NASA Astrophysics Data System},
	Adsurl = {http://adsabs.harvard.edu/abs/2003A%26A...411..447L},
	Author = {{Lallement}, R. and {Welsh}, B.~Y. and {Vergely}, J.~L. and {Crifo}, F. and {Sfeir}, D.},
	Doi = {10.1051/0004-6361:20031214},
	Journal = {\aap},
	Keywords = {Galaxy: solar neighborhood, ISM: atoms, ISM: clouds},
	Month = dec,
	Pages = {447-464},
	Title = {{3D mapping of the dense interstellar gas around the Local Bubble}},
	Volume = 411,
	Year = 2003,
	Bdsk-Url-1 = {http://dx.doi.org/10.1051/0004-6361:20031214}}

@article{Lallement14,
	Adsnote = {Provided by the SAO/NASA Astrophysics Data System},
	Adsurl = {http://adsabs.harvard.edu/abs/2014A%26A...561A..91L},
	Archiveprefix = {arXiv},
	Author = {{Lallement}, R. and {Vergely}, J.-L. and {Valette}, B. and {Puspitarini}, L. and {Eyer}, L. and {Casagrande}, L.},
	Doi = {10.1051/0004-6361/201322032},
	Eid = {A91},
	Eprint = {1309.6100},
	Journal = {\aap},
	Keywords = {local insterstellar matter, dust, extinction, ISM: bubbles, ISM: clouds},
	Month = jan,
	Pages = {A91},
	Title = {{3D maps of the local ISM from inversion of individual color excess measurements}},
	Volume = 561,
	Year = 2014,
	Bdsk-Url-1 = {http://dx.doi.org/10.1051/0004-6361/201322032}}

@article{Bell11,
	Adsnote = {Provided by the SAO/NASA Astrophysics Data System},
	Adsurl = {http://adsabs.harvard.edu/abs/2011A%26A...535A..85B},
	Archiveprefix = {arXiv},
	Author = {{Bell}, M.~R. and {Junklewitz}, H. and {En{\ss}lin}, T.~A.},
	Doi = {10.1051/0004-6361/201117254},
	Eid = {A85},
	Eprint = {1105.2693},
	Journal = {\aap},
	Keywords = {polarization, magnetic fields, turbulence},
	Month = nov,
	Pages = {A85},
	Title = {{Faraday caustics. Singularities in the Faraday spectrum and their utility as probes of magnetic field properties}},
	Volume = 535,
	Year = 2011,
	Bdsk-Url-1 = {http://dx.doi.org/10.1051/0004-6361/201117254}}

@article{Nord06,
	Adsnote = {Provided by the SAO/NASA Astrophysics Data System},
	Adsurl = {http://adsabs.harvard.edu/abs/2006AJ....132..242N},
	Author = {{Nord}, M.~E. and {Henning}, P.~A. and {Rand}, R.~J. and {Lazio}, T.~J.~W. and {Kassim}, N.~E.},
	Doi = {10.1086/504407},
	Eprint = {astro-ph/0603057},
	Journal = {\aj},
	Keywords = {ISM: Cosmic Rays, ISM: H II Regions, ISM: Magnetic Fields, Radio Continuum: General},
	Month = jul,
	Pages = {242-252},
	Title = {{74 MHz Discrete H II Absorption Regions Toward the Inner Galaxy}},
	Volume = 132,
	Year = 2006,
	Bdsk-Url-1 = {http://dx.doi.org/10.1086/504407}}

@article{Heald09,
	Adsnote = {Provided by the SAO/NASA Astrophysics Data System},
	Adsurl = {http://adsabs.harvard.edu/abs/2009A%26A...503..409H},
	Archiveprefix = {arXiv},
	Author = {{Heald}, G. and {Braun}, R. and {Edmonds}, R.},
	Doi = {10.1051/0004-6361/200912240},
	Eprint = {0905.3995},
	Journal = {\aap},
	Keywords = {ISM: magnetic fields, galaxies: magnetic fields, radio continuum: galaxies},
	Month = aug,
	Pages = {409-435},
	Title = {{The Westerbork SINGS survey. II Polarization, Faraday rotation, and magnetic fields}},
	Volume = 503,
	Year = 2009,
	Bdsk-Url-1 = {http://dx.doi.org/10.1051/0004-6361/200912240}}

@article{Haverkorn08,
	Adsnote = {Provided by the SAO/NASA Astrophysics Data System},
	Adsurl = {http://adsabs.harvard.edu/abs/2008ApJ...680..362H},
	Archiveprefix = {arXiv},
	Author = {{Haverkorn}, M. and {Brown}, J.~C. and {Gaensler}, B.~M. and {McClure-Griffiths}, N.~M.},
	Doi = {10.1086/587165},
	Eprint = {0802.2740},
	Journal = {\apj},
	Keywords = {ISM: Magnetic Fields, ISM: Structure, Magnetic Fields, Radio Continuum: ISM, Techniques: Polarimetric, Turbulence},
	Month = jun,
	Pages = {362-370},
	Title = {{The Outer Scale of Turbulence in the Magnetoionized Galactic Interstellar Medium}},
	Volume = 680,
	Year = 2008,
	Bdsk-Url-1 = {http://dx.doi.org/10.1086/587165}}

@article{MarcoFan,
	Adsnote = {Provided by the SAO/NASA Astrophysics Data System},
	Adsurl = {http://adsabs.harvard.edu/abs/2013A%26A...549A..56I},
	Archiveprefix = {arXiv},
	Author = {{Iacobelli}, M. and {Haverkorn}, M. and {Katgert}, P.},
	Doi = {10.1051/0004-6361/201220175},
	Eid = {A56},
	Eprint = {1210.6801},
	Journal = {\aap},
	Keywords = {ISM: bubbles, ISM: magnetic fields, ISM: general, local insterstellar matter, radio continuum: ISM, techniques: polarimetric},
	Month = jan,
	Pages = {A56},
	Title = {{Rotation measure synthesis at the 2 m wavelength of the FAN region: unveiling screens and bubbles}},
	Volume = 549,
	Year = 2013,
	Bdsk-Url-1 = {http://dx.doi.org/10.1051/0004-6361/201220175}}

@article{Beck12,
	Adsnote = {Provided by the SAO/NASA Astrophysics Data System},
	Adsurl = {http://adsabs.harvard.edu/abs/2012A%26A...543A.113B},
	Archiveprefix = {arXiv},
	Author = {{Beck}, R. and {Frick}, P. and {Stepanov}, R. and {Sokoloff}, D.},
	Doi = {10.1051/0004-6361/201219094},
	Eid = {A113},
	Eprint = {1204.5694},
	Journal = {\aap},
	Keywords = {methods: observational, techniques: polarimetric, galaxies: magnetic fields, galaxies: clusters: intracluster medium, radio continuum: galaxies, galaxies: spiral},
	Month = jul,
	Pages = {A113},
	Primaryclass = {astro-ph.IM},
	Title = {{Recognizing magnetic structures by present and future radio telescopes with Faraday rotation measure synthesis}},
	Volume = 543,
	Year = 2012,
	Bdsk-Url-1 = {http://dx.doi.org/10.1051/0004-6361/201219094}}

@article{vanHaarlem2013,
	Adsnote = {Provided by the SAO/NASA Astrophysics Data System},
	Adsurl = {http://adsabs.harvard.edu/abs/2013A%26A...556A...2V},
	Archiveprefix = {arXiv},
	Author = {{van Haarlem}, M.~P. and {Wise}, M.~W. and {Gunst}, A.~W. and {Heald}, G. and {McKean}, J.~P. and {Hessels}, J.~W.~T. and {de Bruyn}, A.~G. and {Nijboer}, R. and {Swinbank}, J. and {Fallows}, R. and {Brentjens}, M. and {Nelles}, A. and {Beck}, R. and {Falcke}, H. and {Fender}, R. and {H{\"o}randel}, J. and {Koopmans}, L.~V.~E. and {Mann}, G. and {Miley}, G. and {R{\"o}ttgering}, H. and {Stappers}, B.~W. and {Wijers}, R.~A.~M.~J. and {Zaroubi}, S. and {van den Akker}, M. and {Alexov}, A. and {Anderson}, J. and {Anderson}, K. and {van Ardenne}, A. and {Arts}, M. and {Asgekar}, A. and {Avruch}, I.~M. and {Batejat}, F. and {B{\"a}hren}, L. and {Bell}, M.~E. and {Bell}, M.~R. and {van Bemmel}, I. and {Bennema}, P. and {Bentum}, M.~J. and {Bernardi}, G. and {Best}, P. and {B{\^\i}rzan}, L. and {Bonafede}, A. and {Boonstra}, A.-J. and {Braun}, R. and {Bregman}, J. and {Breitling}, F. and {van de Brink}, R.~H. and {Broderick}, J. and {Broekema}, P.~C. and {Brouw}, W.~N. and {Br{\"u}ggen}, M. and {Butcher}, H.~R. and {van Cappellen}, W. and {Ciardi}, B. and {Coenen}, T. and {Conway}, J. and {Coolen}, A. and {Corstanje}, A. and {Damstra}, S. and {Davies}, O. and {Deller}, A.~T. and {Dettmar}, R.-J. and {van Diepen}, G. and {Dijkstra}, K. and {Donker}, P. and {Doorduin}, A. and {Dromer}, J. and {Drost}, M. and {van Duin}, A. and {Eisl{\"o}ffel}, J. and {van Enst}, J. and {Ferrari}, C. and {Frieswijk}, W. and {Gankema}, H. and {Garrett}, M.~A. and {de Gasperin}, F. and {Gerbers}, M. and {de Geus}, E. and {Grie{\ss}meier}, J.-M. and {Grit}, T. and {Gruppen}, P. and {Hamaker}, J.~P. and {Hassall}, T. and {Hoeft}, M. and {Holties}, H.~A. and {Horneffer}, A. and {van der Horst}, A. and {van Houwelingen}, A. and {Huijgen}, A. and {Iacobelli}, M. and {Intema}, H. and {Jackson}, N. and {Jelic}, V. and {de Jong}, A. and {Juette}, E. and {Kant}, D. and {Karastergiou}, A. and {Koers}, A. and {Kollen}, H. and {Kondratiev}, V.~I. and {Kooistra}, E. and {Koopman}, Y. and {Koster}, A. and {Kuniyoshi}, M. and {Kramer}, M. and {Kuper}, G. and {Lambropoulos}, P. and {Law}, C. and {van Leeuwen}, J. and {Lemaitre}, J. and {Loose}, M. and {Maat}, P. and {Macario}, G. and {Markoff}, S. and {Masters}, J. and {McFadden}, R.~A. and {McKay-Bukowski}, D. and {Meijering}, H. and {Meulman}, H. and {Mevius}, M. and {Middelberg}, E. and {Millenaar}, R. and {Miller-Jones}, J.~C.~A. and {Mohan}, R.~N. and {Mol}, J.~D. and {Morawietz}, J. and {Morganti}, R. and {Mulcahy}, D.~D. and {Mulder}, E. and {Munk}, H. and {Nieuwenhuis}, L. and {van Nieuwpoort}, R. and {Noordam}, J.~E. and {Norden}, M. and {Noutsos}, A. and {Offringa}, A.~R. and {Olofsson}, H. and {Omar}, A. and {Orr{\'u}}, E. and {Overeem}, R. and {Paas}, H. and {Pandey-Pommier}, M. and {Pandey}, V.~N. and {Pizzo}, R. and {Polatidis}, A. and {Rafferty}, D. and {Rawlings}, S. and {Reich}, W. and {de Reijer}, J.-P. and {Reitsma}, J. and {Renting}, G.~A. and {Riemers}, P. and {Rol}, E. and {Romein}, J.~W. and {Roosjen}, J. and {Ruiter}, M. and {Scaife}, A. and {van der Schaaf}, K. and {Scheers}, B. and {Schellart}, P. and {Schoenmakers}, A. and {Schoonderbeek}, G. and {Serylak}, M. and {Shulevski}, A. and {Sluman}, J. and {Smirnov}, O. and {Sobey}, C. and {Spreeuw}, H. and {Steinmetz}, M. and {Sterks}, C.~G.~M. and {Stiepel}, H.-J. and {Stuurwold}, K. and {Tagger}, M. and {Tang}, Y. and {Tasse}, C. and {Thomas}, I. and {Thoudam}, S. and {Toribio}, M.~C. and {van der Tol}, B. and {Usov}, O. and {van Veelen}, M. and {van der Veen}, A.-J. and {ter Veen}, S. and {Verbiest}, J.~P.~W. and {Vermeulen}, R. and {Vermaas}, N. and {Vocks}, C. and {Vogt}, C. and {de Vos}, M. and {van der Wal}, E. and {van Weeren}, R. and {Weggemans}, H. and {Weltevrede}, P. and {White}, S. and {Wijnholds}, S.~J. and {Wilhelmsson}, T. and {Wucknitz}, O. and {Yatawatta}, S. and {Zarka}, P. and {Zensus}, A. and {van Zwieten}, J.},
	Date-Added = {2015-02-27 09:09:48 +0000},
	Date-Modified = {2015-02-27 09:10:00 +0000},
	Doi = {10.1051/0004-6361/201220873},
	Eid = {A2},
	Eprint = {1305.3550},
	Journal = {\aap},
	Keywords = {instrumentation: interferometers, radio continuum: general, radio lines: general, dark ages, reionization, first stars, telescopes},
	Month = aug,
	Pages = {A2},
	Primaryclass = {astro-ph.IM},
	Title = {{LOFAR: The LOw-Frequency ARray}},
	Volume = 556,
	Year = 2013,
	Bdsk-Url-1 = {http://dx.doi.org/10.1051/0004-6361/201220873}}

@article{Offringa2013,
	Adsnote = {Provided by the SAO/NASA Astrophysics Data System},
	Adsurl = {http://adsabs.harvard.edu/abs/2013A%26A...549A..11O},
	Archiveprefix = {arXiv},
	Author = {{Offringa}, A.~R. and {de Bruyn}, A.~G. and {Zaroubi}, S. and {van Diepen}, G. and {Martinez-Ruby}, O. and {Labropoulos}, P. and {Brentjens}, M.~A. and {Ciardi}, B. and {Daiboo}, S. and {Harker}, G. and {Jeli{\'c}}, V. and {Kazemi}, S. and {Koopmans}, L.~V.~E. and {Mellema}, G. and {Pandey}, V.~N. and {Pizzo}, R.~F. and {Schaye}, J. and {Vedantham}, H. and {Veligatla}, V. and {Wijnholds}, S.~J. and {Yatawatta}, S. and {Zarka}, P. and {Alexov}, A. and {Anderson}, J. and {Asgekar}, A. and {Avruch}, M. and {Beck}, R. and {Bell}, M. and {Bell}, M.~R. and {Bentum}, M. and {Bernardi}, G. and {Best}, P. and {Birzan}, L. and {Bonafede}, A. and {Breitling}, F. and {Broderick}, J.~W. and {Br{\"u}ggen}, M. and {Butcher}, H. and {Conway}, J. and {de Vos}, M. and {Dettmar}, R.~J. and {Eisloeffel}, J. and {Falcke}, H. and {Fender}, R. and {Frieswijk}, W. and {Gerbers}, M. and {Griessmeier}, J.~M. and {Gunst}, A.~W. and {Hassall}, T.~E. and {Heald}, G. and {Hessels}, J. and {Hoeft}, M. and {Horneffer}, A. and {Karastergiou}, A. and {Kondratiev}, V. and {Koopman}, Y. and {Kuniyoshi}, M. and {Kuper}, G. and {Maat}, P. and {Mann}, G. and {McKean}, J. and {Meulman}, H. and {Mevius}, M. and {Mol}, J.~D. and {Nijboer}, R. and {Noordam}, J. and {Norden}, M. and {Paas}, H. and {Pandey}, M. and {Pizzo}, R. and {Polatidis}, A. and {Rafferty}, D. and {Rawlings}, S. and {Reich}, W. and {R{\"o}ttgering}, H.~J.~A. and {Schoenmakers}, A.~P. and {Sluman}, J. and {Smirnov}, O. and {Sobey}, C. and {Stappers}, B. and {Steinmetz}, M. and {Swinbank}, J. and {Tagger}, M. and {Tang}, Y. and {Tasse}, C. and {van Ardenne}, A. and {van Cappellen}, W. and {van Duin}, A.~P. and {van Haarlem}, M. and {van Leeuwen}, J. and {van Weeren}, R.~J. and {Vermeulen}, R. and {Vocks}, C. and {Wijers}, R.~A.~M.~J. and {Wise}, M. and {Wucknitz}, O.},
	Date-Added = {2015-02-26 15:48:39 +0000},
	Date-Modified = {2015-02-26 15:48:45 +0000},
	Doi = {10.1051/0004-6361/201220293},
	Eid = {A11},
	Eprint = {1210.0393},
	Journal = {\aap},
	Keywords = {instrumentation: interferometers, methods: data analysis, techniques: interferometric, telescopes, radio continuum: general},
	Month = jan,
	Pages = {A11},
	Primaryclass = {astro-ph.IM},
	Title = {{The LOFAR radio environment}},
	Volume = 549,
	Year = 2013,
	Bdsk-Url-1 = {http://dx.doi.org/10.1051/0004-6361/201220293}}

@article{Tasse13,
	Adsnote = {Provided by the SAO/NASA Astrophysics Data System},
	Adsurl = {http://adsabs.harvard.edu/abs/2013A%26A...553A.105T},
	Archiveprefix = {arXiv},
	Author = {{Tasse}, C. and {van der Tol}, S. and {van Zwieten}, J. and {van Diepen}, G. and {Bhatnagar}, S.},
	Date-Added = {2015-02-26 15:38:33 +0000},
	Date-Modified = {2017-01-11 09:33:56 +0000},
	Doi = {10.1051/0004-6361/201220882},
	Eid = {A105},
	Eprint = {1212.6178},
	Journal = {\aap},
	Keywords = {instrumentation: interferometers, techniques: interferometric, techniques: image processing},
	Month = may,
	Pages = {A105},
	Primaryclass = {astro-ph.IM},
	Title = {{Applying full polarization A-Projection to very wide field of view instruments: An imager for LOFAR}},
	Volume = 553,
	Year = 2013,
	Bdsk-Url-1 = {http://dx.doi.org/10.1051/0004-6361/201220882}}

@article{Lane2014,
	Adsnote = {Provided by the SAO/NASA Astrophysics Data System},
	Adsurl = {http://adsabs.harvard.edu/abs/2014MNRAS.440..327L},
	Archiveprefix = {arXiv},
	Author = {{Lane}, W.~M. and {Cotton}, W.~D. and {van Velzen}, S. and {Clarke}, T.~E. and {Kassim}, N.~E. and {Helmboldt}, J.~F. and {Lazio}, T.~J.~W. and {Cohen}, A.~S.},
	Date-Added = {2015-02-26 14:58:52 +0000},
	Date-Modified = {2015-02-26 14:58:59 +0000},
	Doi = {10.1093/mnras/stu256},
	Eprint = {1404.0694},
	Journal = {\mnras},
	Keywords = {techniques: image processing, catalogues, surveys, radio continuum: general},
	Month = may,
	Pages = {327-338},
	Primaryclass = {astro-ph.IM},
	Title = {{The Very Large Array Low-frequency Sky Survey Redux (VLSSr)}},
	Volume = 440,
	Year = 2014,
	Bdsk-Url-1 = {http://dx.doi.org/10.1093/mnras/stu256}}

@article{Rengelink1997,
	Adsnote = {Provided by the SAO/NASA Astrophysics Data System},
	Adsurl = {http://adsabs.harvard.edu/abs/1997A%26AS..124..259R},
	Author = {{Rengelink}, R.~B. and {Tang}, Y. and {de Bruyn}, A.~G. and {Miley}, G.~K. and {Bremer}, M.~N. and {Roettgering}, H.~J.~A. and {Bremer}, M.~A.~R.},
	Date-Added = {2015-02-26 14:57:33 +0000},
	Date-Modified = {2015-02-26 14:57:40 +0000},
	Doi = {10.1051/aas:1997358},
	Journal = {\aaps},
	Keywords = {SURVEYS, RADIO CONTINUUM: GENERAL},
	Month = aug,
	Pages = {259-280},
	Title = {{The Westerbork Northern Sky Survey (WENSS), I. A 570 square degree Mini-Survey around the North Ecliptic Pole}},
	Volume = 124,
	Year = 1997,
	Bdsk-Url-1 = {http://dx.doi.org/10.1051/aas:1997358}}

@article{Condon1998,
	Adsnote = {Provided by the SAO/NASA Astrophysics Data System},
	Adsurl = {http://adsabs.harvard.edu/abs/1998AJ....115.1693C},
	Author = {{Condon}, J.~J. and {Cotton}, W.~D. and {Greisen}, E.~W. and {Yin}, Q.~F. and {Perley}, R.~A. and {Taylor}, G.~B. and {Broderick}, J.~J.},
	Date-Added = {2015-02-26 14:56:16 +0000},
	Date-Modified = {2015-02-26 14:56:22 +0000},
	Doi = {10.1086/300337},
	Journal = {\aj},
	Keywords = {CATALOGS, METHODS: DATA ANALYSIS, METHODS: OBSERVATIONAL, RADIO CONTINUUM, SURVEYS},
	Month = may,
	Pages = {1693-1716},
	Title = {{The NRAO VLA Sky Survey}},
	Volume = 115,
	Year = 1998,
	Bdsk-Url-1 = {http://dx.doi.org/10.1086/300337}}

@article{Scaife2012,
	Adsnote = {Provided by the SAO/NASA Astrophysics Data System},
	Adsurl = {http://adsabs.harvard.edu/abs/2012MNRAS.423L..30S},
	Archiveprefix = {arXiv},
	Author = {{Scaife}, A.~M.~M. and {Heald}, G.~H.},
	Date-Added = {2015-02-26 14:19:43 +0000},
	Date-Modified = {2015-02-26 14:19:49 +0000},
	Doi = {10.1111/j.1745-3933.2012.01251.x},
	Eprint = {1203.0977},
	Journal = {\mnras},
	Keywords = {methods: observational, methods: statistical},
	Month = jun,
	Pages = {L30-L34},
	Primaryclass = {astro-ph.IM},
	Title = {{A broad-band flux scale for low-frequency radio telescopes}},
	Volume = 423,
	Year = 2012,
	Bdsk-Url-1 = {http://dx.doi.org/10.1111/j.1745-3933.2012.01251.x}}

@article{vanderTol2007,
	Adsnote = {Provided by the SAO/NASA Astrophysics Data System},
	Adsurl = {http://adsabs.harvard.edu/abs/2007ITSP...55.4497V},
	Author = {{van der Tol}, S.~. and {Jeffs}, B.~D. and {van der Veen}, A.-J.~.},
	Date-Added = {2015-02-26 13:54:37 +0000},
	Date-Modified = {2015-02-27 09:08:20 +0000},
	Doi = {10.1109/TSP.2007.896243},
	Journal = {IEEE Transactions on Signal Processing},
	Month = sep,
	Pages = {4497-4510},
	Title = {{Self-Calibration for the LOFAR Radio Astronomical Array}},
	Volume = 55,
	Year = 2007,
	Bdsk-Url-1 = {http://dx.doi.org/10.1109/TSP.2007.896243}}

@inproceedings{Pandey2009,
	Adsnote = {Provided by the SAO/NASA Astrophysics Data System},
	Adsurl = {http://adsabs.harvard.edu/abs/2009ASPC..407..384P},
	Author = {{Pandey}, V.~N. and {van Zwieten}, J.~E. and {de Bruyn}, A.~G. and {Nijboer}, R.},
	Booktitle = {The Low-Frequency Radio Universe},
	Date-Added = {2015-02-26 13:50:07 +0000},
	Date-Modified = {2015-02-26 13:50:13 +0000},
	Editor = {{Saikia}, D.~J. and {Green}, D.~A. and {Gupta}, Y. and {Venturi}, T.},
	Month = sep,
	Pages = {384},
	Series = {Astronomical Society of the Pacific Conference Series},
	Title = {{Calibrating LOFAR using the Black Board Selfcal System}},
	Volume = 407,
	Year = 2009}

@article{Offringa2012,
	Adsnote = {Provided by the SAO/NASA Astrophysics Data System},
	Adsurl = {http://adsabs.harvard.edu/abs/2012A%26A...539A..95O},
	Archiveprefix = {arXiv},
	Author = {{Offringa}, A.~R. and {van de Gronde}, J.~J. and {Roerdink}, J.~B.~T.~M.},
	Date-Added = {2015-02-26 13:24:38 +0000},
	Date-Modified = {2015-02-26 13:24:52 +0000},
	Doi = {10.1051/0004-6361/201118497},
	Eid = {A95},
	Eprint = {1201.3364},
	Journal = {\aap},
	Keywords = {instrumentation: interferometers, methods: data analysis, techniques: interferometric},
	Month = mar,
	Pages = {A95},
	Primaryclass = {astro-ph.IM},
	Title = {{A morphological algorithm for improving radio-frequency interference detection}},
	Volume = 539,
	Year = 2012,
	Bdsk-Url-1 = {http://dx.doi.org/10.1051/0004-6361/201118497}}

@article{Brentjens2005,
	Adsnote = {Provided by the SAO/NASA Astrophysics Data System},
	Adsurl = {http://adsabs.harvard.edu/abs/2005A%26A...441.1217B},
	Author = {{Brentjens}, M.~A. and {de Bruyn}, A.~G.},
	Date-Modified = {2021-06-21 13:45:45 -0400},
	Doi = {10.1051/0004-6361:20052990},
	Eprint = {astro-ph/0507349},
	Journal = {\aap},
	Keywords = {methods: data analysis, techniques: polarimetric, magnetic fields, polarization, ISM: magnetic fields, Cosmology: large-scale structure of Universe},
	Month = oct,
	Pages = {1217-1228},
	Title = {{Faraday rotation measure synthesis}},
	Volume = 441,
	Year = 2005,
	Bdsk-Url-1 = {http://dx.doi.org/10.1051/0004-6361:20052990}}

@article{Taylor09,
	Adsnote = {Provided by the SAO/NASA Astrophysics Data System},
	Adsurl = {http://adsabs.harvard.edu/abs/2009ApJ...702.1230T},
	Author = {{Taylor}, A.~R. and {Stil}, J.~M. and {Sunstrum}, C.},
	Doi = {10.1088/0004-637X/702/2/1230},
	Journal = {\apj},
	Keywords = {catalogs, Galaxy: halo, magnetic fields, polarization},
	Month = sep,
	Pages = {1230-1236},
	Title = {{A Rotation Measure Image of the Sky}},
	Volume = 702,
	Year = 2009,
	Bdsk-Url-1 = {http://dx.doi.org/10.1088/0004-637X/702/2/1230}}
